2254 3225
221 284 273 312 An.
295 284 412 314 c.17oo
457 274 521 309 916

248 983 331 1004 Addaia
343 985 364 1002 et
373 989 404 1002 rn-

220 1011 318 1031 fnrmatto
330 1010 405 1030 relato-

220 1043 264 1057 rum
274 1038 405 1056 nerra-torum

221 1070 233 1084 a
256 1063 404 1087 congregatio.

221 1097 246 1110 na
262 1096 326 1116 super
341 1090 405 1109 dist-t-

220 1117 277 1142 phna
324 1117 404 1142 regula-

221 1150 273 1164 rium
291 1144 352 1164 sactu.

417 338 465 366 ter
500 334 641 377 legerint
676 339 708 368 et
742 335 861 378 legisse
897 335 1069 368 docuerint
1104 337 1153 369 vel

415 387 673 431 philosophiam,
699 389 750 421 vel
777 388 989 431 theologiam,
1018 390 1068 422 vel
1093 390 1154 422 sal-

417 445 481 473 tem
507 442 677 481 moralem,
697 443 794 474 modo
815 448 920 475 tamen
946 443 1154 482 scholastico,

416 494 497 527 itaut
522 495 553 527 in
580 495 696 527 actuali
723 495 878 527 exercitio
909 496 1040 537 legendi
1074 506 1157 527 sem-

416 558 474 590 per
495 548 639 588 fuerint3
667 559 701 580 ac
718 553 903 591 propterea,
923 548 1009 591 quod
1029 548 1060 579 in
1079 558 1157 579 uno-

417 611 548 644 quoque
574 606 733 633 conventu
761 600 857 633 etiam
883 600 1031 633 modicae
1066 600 1157 632 fami-

416 654 477 686 liae
515 654 568 686 fiat
604 654 700 686 lectio
738 654 871 686 moralis
896 654 946 685 bis
973 653 1086 686 saltem
1123 653 1155 684 in

417 706 630 747 hebdomada,
652 712 683 739 et
707 708 807 739 semel
826 706 858 738 in
878 709 915 739 ea
931 711 1157 749 proponentur

416 770 507 792 casus
532 759 750 792 conscientiae
776 759 826 791 cui
852 769 966 792 omnes
991 759 1156 792 choristae

415 813 572 846 interesse
608 818 780 846 teneantur
816 812 982 856 proprium
1019 811 1156 856 quisque

415 877 545 899 sensum
569 866 709 910 aperire,
740 871 772 899 et
800 866 1050 910 explicationem
1074 877 1092 898 a
1116 866 1157 898 le-

416 925 504 953 ctore
529 921 577 953 vel
604 924 813 963 proponente
839 919 963 960 audire,
989 925 1050 951 etc.
1079 930 1110 951 »t

459 973 497 1006 Et
522 974 555 1006 in
591 974 704 1006 eadem
730 973 934 1017 expositione
961 973 1155 1013 subiuncto,

418 1027 505 1070 quod
542 1027 604 1070 ipsi
646 1032 846 1069 exponentes
884 1026 1014 1059 decreta
1045 1025 1158 1058 huius-

418 1080 523 1120 modi,
550 1090 613 1123 quo
638 1080 761 1112 firmius
789 1079 1008 1113 subsisterent
1033 1084 1065 1112 et
1089 1090 1157 1112 ser-

417 1139 572 1166 varentur
608 1133 775 1174 exactius,
803 1134 1004 1176 apostolieae
1039 1132 1158 1165 confir-

416 1186 568 1219 mationis
594 1192 724 1220 nostrae
751 1187 937 1230 patrocinio
963 1186 1156 1220 communiri

416 1250 623 1283 summopere
657 1240 910 1273 desiderabant:
943 1250 1002 1273 nos
1035 1240 1159 1283 suppli-

417 1304 485 1327 cem
500 1294 657 1334 libellum,
671 1305 782 1327 eorum
800 1294 932 1327 nomine
949 1295 1043 1327 nobis
1059 1305 1159 1337 super

416 1348 604 1390 praemissis
631 1353 830 1391 porrectum,
853 1348 892 1380 ad
919 1347 1155 1390 Congregatio-

416 1411 492 1434 nem
529 1401 767 1434 venerabilium
804 1402 939 1434 fratrum
973 1407 1158 1434 nostrorum

418 1453 448 1486 S.
470 1454 507 1486 R.
527 1454 562 1487 E.
583 1455 797 1487 cardinalium
818 1460 849 1487 et
867 1455 1063 1488 dilectorum
1081 1455 1159 1488 filio-

417 1518 489 1539 rum
507 1507 671 1540 Romanae
689 1508 804 1540 Curiae
823 1509 1042 1551 praelatorum
1061 1519 1160 1551 super

418 1560 591 1604 disciplina
622 1561 765 1603 regulari
800 1572 818 1593 a
846 1561 940 1593 nobis
973 1561 1160 1604 specialiter

418 1614 606 1657 deputatam
627 1615 822 1647 remisimus.
850 1615 921 1657 Ipsa
946 1625 1022 1647 vero
1055 1615 1160 1647 cardi-

417 1669 540 1701 nalium
573 1674 604 1701 et
628 1670 849 1711 praelatorum
875 1668 1103 1710 Congregatio,
1125 1679 1158 1700 re

417 1727 540 1754 mature
566 1721 723 1761 discussa,
751 1733 788 1754 ac
814 1722 942 1755 dilectis
963 1723 1059 1755 etiam
1086 1722 1160 1754 siliis

418 1775 587 1807 exvicariis
609 1775 820 1817 generalibus
840 1776 1005 1818 praefatae
1022 1775 1161 1817 Congre-

417 1829 557 1872 gationis
571 1829 772 1867 Mantuanae,
795 1829 942 1872 patribus
963 1829 1160 1871 gravissimis

418 1883 623 1926 nuncupatis,
639 1882 762 1925 pluries
787 1882 918 1922 auditis,
938 1883 1066 1915 censuit
1098 1888 1162 1915 ter-

419 1936 463 1968 tio
479 1946 515 1968 ex
531 1935 745 1979 praeinsertis
765 1936 903 1969 decretis
921 1936 1073 1968 addenda
1091 1946 1160 1968 esse

419 1990 608 2032 sequentia,
629 1989 781 2022 videlicet
803 2001 810 2021 z
843 2002 855 2020 ((
881 1989 1028 2022 Iniuncta
1053 1995 1160 2022 tamen

419 2043 644 2086 superioribus
666 2043 826 2076 localibus
847 2043 984 2086 speciali
1010 2043 1162 2076 attentio-

419 2106 459 2129 ne
479 2101 511 2129 et
524 2096 706 2129 reverentia
721 2106 797 2138 erga
811 2101 920 2139 patres
937 2096 1160 2139 gravissimos,

420 2155 533 2182 contra
558 2161 640 2193 quos
666 2150 698 2182 in
724 2150 830 2182 causis
857 2149 1063 2193 gravioribus
1085 2160 1161 2193 pro-

421 2204 537 2236 cedere
562 2209 737 2247 nequeant,
763 2204 823 2236 nisi
850 2214 887 2236 ex
912 2204 1044 2247 speciali
1074 2215 1162 2237 com-

420 2257 576 2290 missione
590 2257 698 2289 vicarii
714 2258 909 2300 gene1·alis»:
922 2264 1038 2301 quarto
1053 2263 1160 2291 autem

421 2310 572 2343 similiter
608 2311 758 2343 addenda
794 2322 867 2344 esse
905 2312 994 2353 haec,
1021 2323 1161 2355 nempe:

427 2362 493 2395 «Ita
510 2368 617 2396 tamen
632 2369 668 2396 ut
682 2363 789 2396 debita
803 2364 960 2398 charitate
975 2366 1163 2398 consulatur

421 2416 553 2449 servitio
572 2423 699 2460 patrum
728 2417 992 2460 gravissimorum
1008 2429 1039 2450 »t
1062 2418 1163 2462 septi-

421 2479 511 2502 mum
546 2481 623 2503 vero
657 2471 701 2503 ita
736 2471 994 2512 reformandum,
1018 2473 1162 2512 ut,ultra

422 2523 580 2556 vicarium
606 2525 758 2564 functum,
786 2524 910 2557 admitti
933 2525 965 2557 in
994 2530 1161 2568 posterum

423 2576 565 2609 debeant
591 2578 624 2609 in
650 2577 872 2611 definitorium
897 2577 951 2610 alii
985 2578 1049 2611 duo
1075 2579 1161 2611 exvi-

423 2630 501 2662 carii
523 2630 700 2664 immediati
722 2631 791 2664 cius
817 2637 1053 2673 antecessores,
1070 2632 1160 2673 itaut,

423 2684 509 2717 ultra
531 2684 685 2718 vicarium
710 2685 857 2727 electum,
873 2684 927 2720 alii
952 2690 1018 2719 tres
1039 2686 1160 2720 exviea·

1003 286 1182 311 BULLARIUM
1206 281 1369 310 ROMANUM'

1199 335 1238 368 rii
1257 336 1421 368 dumtaxat
1438 335 1470 368 in
1488 335 1676 369 definitorio
1697 346 1768 369 esse
1787 336 1938 376 debeant,

1199 399 1378 432 eorumque
1414 389 1525 432 aliquo
1563 388 1746 429 deficiente,
1774 390 1855 423 alius
1881 390 1940 423 im-

1199 442 1360 475 mediatus
1394 448 1585 475 antecessor
1622 445 1802 486 (quatenus
1832 443 1939 486 adsit)

1200 495 1424 527 substituatur:
1441 501 1472 528 et
1489 496 1642 528 adversus
1656 497 1837 539 praemissa
1852 507 1942 540 prae-

1200 548 1280 580 fatos
1306 553 1416 590 patres
1442 549 1648 590 gravissimos
1680 560 1745 581 non
1780 560 1851 582 esse
1877 561 1942 583 am-

1200 600 1285 643 plius
1302 601 1613 638 audiendOS.Quare
1636 602 1712 634 dicti
1741 608 1942 645 exponentes

1201 653 1308 686 denuo
1335 653 1506 686 humiliter
1530 654 1708 697 supplicari
1731 655 1888 697 fecerunt,
1906 661 1944 688 ut

1201 706 1259 738 sibi
1286 706 1318 738 in
1343 706 1531 750 praemissis
1555 713 1741 751 opportune
1760 709 1942 751 providere,

1201 765 1233 792 et
1268 766 1304 792 ut
1339 760 1423 792 infra
1459 760 1629 804 indulgere
1666 762 1705 795 de
1741 762 1943 805 benignitate

1201 813 1382 856 apostolica
1407 813 1633 856 dignaremur.

1245 867 1258 909 g
1283 866 1313 899 02.
1334 866 1397 899 Nos
1424 867 1530 910 igitur,
1548 868 1690 911 ipsorum
1709 868 1941 913 exponentium

1201 984 1384 1016 possumus,
1417 974 1640 1008 favorabiliter
1665 986 1810 1009 annuere
1837 977 1945 1010 volen-

1203 1031 1260 1067 tes,
1280 1032 1312 1059 et
1330 1037 1442 1060 eorum
1461 1027 1644 1070 singulares
1664 1039 1822 1072 personas
1839 1040 1856 1062 a
1874 1029 1945 1072 qui-

1201 1080 1308 1113 busvis
1335 1081 1694 1121 excommunicationis,
1721 1082 1945 1126 suspensionis

1202 1138 1233 1166 et
1258 1133 1439 1173 interdicti,
1466 1134 1603 1177 aliisque
1625 1135 1854 1169 ecclesiasticis
1872 1147 1947 1169 sen-

1202 1187 1324 1227 tentiis,
1343 1187 1489 1220 censuris
1508 1193 1539 1220 et
1553 1189 1679 1231 poenis,
1697 1199 1715 1221 a
1739 1189 1810 1222 iure
1830 1191 1880 1222 vel
1906 1190 1945 1222 ab

1202 1240 1345 1280 homine,
1372 1241 1484 1284 quavis
1507 1242 1680 1275 occasione
1705 1243 1755 1275 vel
1781 1245 1877 1275 causa
1903 1244 1947 1276 la-

1202 1294 1251 1334 tis,
1277 1294 1302 1327 si
1339 1295 1457 1338 quibus
1493 1295 1738 1338 quomodolibet
1772 1296 1946 1330 innodatae

1202 1348 1354 1388 existunt,
1373 1348 1410 1380 ad
1433 1347 1581 1381 effectum
1607 1349 1829 1392 praesentium
1856 1350 1948 1382 dum-

1203 1408 1288 1435 taxat
1306 1403 1587 1446 consequendum,
1602 1403 1716 1436 harum
1736 1403 1819 1436 serie
1838 1403 1948 1437 absol-

1201 1461 1311 1489 ventes
1338 1462 1369 1489 et
1394 1457 1556 1490 absolutas
1582 1457 1650 1490 fore
1676 1462 1859 1497 censentes,
1886 1457 1948 1490 hu·

1202 1510 1340 1542 iusmodi
1378 1510 1675 1553 supplicationibus
1713 1511 1873 1551 inclinati,
1907 1511 1947 1543 de

1203 1567 1459 1596 memoratorum
1490 1564 1702 1596 cardinalium
1728 1569 1760 1596 et
1784 1565 1947 1607 praelato-

1203 1627 1272 1648 rum
1299 1617 1447 1655 consilio‚
1466 1617 1576 1649 omnia
1601 1623 1633 1650 et
1658 1618 1786 1660 singula
1810 1618 1946 1651 decreta

1202 1670 1415 1712 praeinserta,
1431 1669 1474 1702 ita
1489 1675 1611 1710 tamen,
1625 1676 1660 1702 ut
1674 1670 1770 1703 tertio
1785 1675 1817 1703 et
1831 1676 1946 1713 quarto

1203 1728 1436 1765 praenarratae
1455 1723 1641 1755 additiones
1666 1723 1747 1763 fieri,
1769 1723 1948 1766 septimum

1204 1787 1280 1809 vero
1313 1776 1508 1815 reformari,
1537 1776 1620 1809 sicut
1640 1777 1872 1820 praemittitur,
1896 1788 1948 1811 re-

1204 1830 1347 1872 spective
1371 1829 1521 1869 debeant,
1541 1831 1736 1863 auctoritate
1756 1829 1946 1873 apostolica,

1205 1888 1320 1915 tenore
1339 1883 1573 1926 praesentium,
1593 1883 1824 1916 confirmamus
1844 1888 1876 1916 et
1893 1894 1948 1927 ap-

1203 1936 1395 1979 probamus,
1415 1947 1461 1976 ac,
1482 1941 1643 1979 quatenus
1661 1947 1741 1979 opus
1767 1937 1817 1977 sit,
1837 1947 1949 1970 conva-

1204 1990 1355 2029 lidamus,
1376 1990 1507 2034 illisque
1526 1990 1722 2023 inviolabilis
1747 1991 1948 2034 apostolicae

1205 2044 1365 2076 firmitatis
1388 2044 1490 2076 robur
1515 2043 1695 2084 adiicimus‚
1719 2054 1754 2077 ac
1780 2054 1892 2077 omnes
1918 2049 1950 2077 et

1205 2097 1353 2140 singulos
1383 2096 1463 2129 iuris
1489 2102 1520 2130 et
1548 2097 1622 2129 facti
1652 2097 1809 2138 defectus,
1836 2097 1862 2130 si
1895 2097 1949 2141 qui

1206 2151 1348 2193 desuper
1388 2150 1636 2194 quomodolibet
1682 2150 1919 2184 intervenerint
1940 2177 1948 2192 ,

1205 2205 1395 2247 supplemus
1411 2215 1418 2243 ·,
1435 2203 1522 2236 salva
1539 2209 1646 2236 tamen
1664 2214 1792 2246 semper
1809 2203 1842 2235 in
1859 2213 1949 2246 prae·

1205 2257 1311 2290 missis
1349 2256 1540 2290 auctoritate
1575 2257 1741 2299 praefatae
1767 2255 1949 2299 Congrega-

1205 2310 1301 2343 tionis
1327 2310 1541 2343 cardinalium
1567 2315 1598 2342 et
1622 2310 1856 2353 praelatorum.

1249 2365 1264 2408 ἓ
1288 2364 1320 2398 3.
1347 2365 1577 2403 Decernentes,
1604 2364 1734 2396 easdem
1759 2368 1948 2406 praesentes
1987 2370 2108 2392 clausulae.

1205 2418 1332 2451 litteras
1358 2428 1489 2461 semper
1513 2417 1630 2458 firmas,
1657 2417 1778 2450 validas
1815 2422 1848 2450 et
1883 2417 1950 2450 effi-

1205 2483 1297 2506 caces
1316 2472 1454 2505 existere
1472 2477 1503 2504 et
1521 2472 1602 2511 fore,
1623 2481 1765 2514 suosque
1782 2471 1949 2514 plenarios

1206 2531 1237 2559 et
1260 2526 1407 2568 integros
1432 2524 1566 2558 effectus
1598 2524 1706 2558 sortiri
1731 2529 1762 2557 et
1786 2524 1947 2565 obtinere,

1205 2590 1240 2612 ac
1264 2579 1340 2619 illis,
1363 2579 1402 2612 ad
1423 2589 1502 2622 quos
1528 2582 1653 2621 spectat
1674 2583 1705 2610 et
1721 2589 1778 2621 pro
1803 2584 1950 2622 ternpore

1206 2634 1478 2677 quandocumque
1498 2631 1671 2675 spectabit,
1686 2631 1874 2674 plenissime
1889 2631 1952 2664 suf-

1204 2686 1335 2729 fragari,
1362 2690 1393 2719 et
1417 2686 1456 2719 ab
1482 2685 1528 2719 eis
1553 2684 1731 2728 respective
1750 2685 1948 2719 inviolabili-

1940 287 1991 314 An.
2013 286 2043 314 C.
2061 287 2130 316 ¹700

2002 877 2135 900 Confirmatio

1200 920 1281 952 votis
1308 920 1368 952 hac
1393 920 1425 952 in
1452 932 1499 961 re,
1527 927 1682 964 quantum
1708 933 1780 955 cum
1805 904 2067 957 Dominoiiffiijifffl
2099 907 2137 927 Μ’
