2254 3225
234 254 285 278 Αιι.
306 252 336 279 c.
351 251 421 279 1695
467 243 531 278 704

760 303 822 337 CX.

427 372 637 416 Transfertur
660 373 866 417 indulyentia
884 372 1035 416 plenaria
1052 381 1160 415 perpe-

1001 252 1178 278 BULLARIUM
1201 252 1353 277 ROMANUM

1199 300 1316 335 feriato
1337 300 1503 341 accedere,
1523 305 1555 334 et
1573 305 1749 344 propterea
1765 299 1934 341 indulgen-

1200 355 1275 388 tiam
1300 355 1519 398 supradictam
1551 355 1590 388 ad
1621 354 1814 387 dominicam
1850 353 1935 385 intra

469 430 526 458 ,aa
549 426 586 458 m
616 427 694 469 festo
718 426 750 459 S.
777 426 905 469 [qnam—
928 425 970 457 ad
995 425 1080 457 diem
1104 424 1159 456 do,
1178 412 1180 443 t
1200 413 1342 440 octavam
1369 407 1440 440 festi
1461 407 1630 450 praedicti,
1651 407 1778 451 quoties
1803 406 1884 440 illud
1901 405 1933 438 in

468 479 624 511 mimicum
642 489 701 522 pro
718 479 857 512 ecclesiis
873 478 1158 511 nu'ssionariormn

467 532 635 565 Soca'etatis
659 532 734 566 Iesu
759 532 795 564 in
819 531 929 563 insula
946 529 1156 563 Martinica¹.

602 610 800 638 Innocentius
821 610 901 643 Papa
919 609 983 643 ΧΠ,

543 656 579 683 ad
599 658 775 690 perpetuam
794 655 839 682 rei
859 654 1040 682 memoriam.

274 738 330 757 naen
347 737 415 756 indul-

324 764 327 767 ,
469 728 484 770 ἓ
506 727 532 759 l.
554 726 641 760 Alias
668 726 773 759 felicis
790 725 1027 759 recordationis
1045 724 1163 767 Grego-

233 764 494 820 &1¹¹122221211st'a‘ss’rius
512 779 570 813 PP.
590 779 641 812 XV
658 780 894 822 praedecessor
918 784 1028 811 noster
1051 778 1161 811 volens

232 817 539 869 ‘e'ss{‘g³0r1‹2¹¹¹fx¹v.³omnes
571 838 603 865 et
635 832 780 875 singulas
814 832 967 865 eeclesias
999 832 1163 875 presbyte-

426 897 537 919 rorum
557 885 725 919 Societatis
750 885 820 918 Iesu
845 886 967 927 ubique
988 884 1163 918 existentes

426 940 535 983 aliquo
561 939 692 982 speciali
717 949 850 972 munere
867 939 1038 979 illustrare,
1056 943 1165 971 aueto-

425 993 520 1025 ritate
545 992 605 1025 sibi
638 1003 655 1024 a
678 991 815 1024 Domino
847 991 974 1031 tradita,
1012 991 1164 1024 omnibus

425 1045 593 1087 utriusque
608 1055 700 1078 sexus
719 1044 987 1077 christifidelibus
1001 1055 1074 1077 vere
1092 1054 1165 1086 poe·
1185 1067 1186 1071 ,

425 1097 607 1131 nitentibus
629 1103 659 1130 et
683 1097 851 1137 confessis,
877 1108 914 1130 ac
951 1099 1039 1130 saera
1077 1107 1166 1130 eom-

425 1151 578 1184 munione
604 1150 745 1190 refeetis,
765 1151 819 1194 qui
837 1150 978 1194 aliquam
1004 1161 1041 1184 ex
1068 1151 1166 1184 eccle·
1185 1155 1187 1173 ⁴=

425 1203 481 1236 siis
496 1203 602 1237 dictae
622 1203 790 1237 Societatis
804 1203 925 1247 ubique
951 1204 1165 1237 existentibus

425 1257 477 1290 die
504 1257 584 1290 festo
610 1256 712 1289 sancti
737 1256 851 1298 Ignatii
877 1257 989 1290 ultima
1014 1257 1085 1289 iulii
1114 1268 1166 1290 ce-

425 1310 543 1344 lebrari
565 1310 672 1350 solito,
698 1321 715 1343 a
740 1310 854 1353 primis
878 1311 1024 1353 vesperis
1059 1321 1164 1354 usque

425 1373 461 1395 ac
478 1373 628 1396 occasum
654 1363 731 1396 solis
753 1363 825 1395 festi
843 1363 1038 1404 huiusmodi,
1057 1364 1165 1406 singu-

424 1415 465 1448 lis
491 1416 596 1454 annis,
624 1415 739 1448 devote
763 1415 956 1456 visitassent,
977 1422 1009 1449 et
1033 1417 1077 1449 ibi
1107 1428 1164 1460 pro
1184 1423 1186 1433 *

425 1469 677 1501 christianorum
696 1468 880 1512 principum
898 1470 1083 1510 concordia,
1095 1470 1165 1503 hae-

424 1531 530 1554 resum
567 1521 792 1564 extirpatione,
826 1532 862 1554 ac
886 1528 1016 1554 sanctae
1052 1523 1163 1555 matris

424 1573 587 1607 Ecclesiae
614 1574 808 1607 exaltatione
833 1575 903 1618 pias
923 1576 960 1608 ad
978 1576 1076 1608 Deum
1094 1587 1164 1620 pre-

424 1637 476 1660 ces
501 1626 698 1667 effudissent,
718 1628 898 1670 plenariam
924 1629 1067 1662 omnium
1092 1640 1164 1673 pec—

425 1686 572 1714 catorum
596 1690 729 1712 suorum
753 1680 990 1724 indulgentiam
1009 1687 1041 1715 et
1058 1683 1164 1716 remis-

424 1733 552 1766 sionem
578 1733 833 1767 misericorditer
857 1734 890 1767 in
915 1735 1053 1768 Domino
1091 1747 1164 1779 per-

424 1791 526 1830 petuo
547 1786 713 1826 concessit,
731 1792 828 1830 prout
845 1787 876 1819 in
897 1787 999 1831 ipsius
1019 1788 1163 1830 Gregorii

424 1839 687 1882 praedecessoris
712 1839 830 1873 litteris
849 1840 991 1884 desuper
1016 1841 1048 1873 in
1067 1841 1162 1874 simili

424 1891 529 1925 forma
561 1892 670 1925 Brevis
704 1893 859 1926 confectis
891 1894 1022 1936 plenius
1048 1894 1164 1927 dicitur

425 1946 600 1979 contineri.

288 2009 414 2055 5T5.“¹‘⁵'-³s¹³⁰
469 1999 484 2042 ἓ
508 1999 539 2032 92.
566 1999 644 2033 Cum
670 2005 790 2041 autem,
815 2001 897 2033 sicut
922 2001 1058 2035 dilectus
1079 2002 1163 2036 filius

232 2041 619 2101 siissi'sjiscli‘ifaproeurator
655 2054 816 2095 generalis
853 2054 958 2087 dietae
993 2054 1162 2088 Societatis

232 2090 521 2138 fflsshstnimmnobis
556 2116 663 2149 nuper
698 2107 816 2150 exponi
849 2107 935 2146 fecit,
960 2108 1161 2141 commodius

426 2159 469 2192 sit
492 2159 758 2193 christifidelibus
784 2160 907 2193 insulae
925 2160 1110 2194 Martinicae
1129 2162 1160 2194 in

425 2210 572 2245 America
596 2212 802 2246 meridionali
836 2213 915 2246 sitae
942 2214 980 2247 ad
1007 2214 1162 2247 ecclesias

427 2267 688 2309 presbyterorum
702 2266 981 2300 missionariorum
994 2267 1161 2301 Societatis

425 2319 611 2352 huiusmodi
636 2319 669 2351 in
693 2319 758 2352 illis
788 2321 934 2363 partibus
972 2321 1161 2364 degentium

424 2372 619 2413 visitandas,
645 2373 887 2416 praefatamque
923 2373 1161 2416 indulgentiam

425 2425 699 2469 consequendam,
715 2425 823 2469 aliquo
849 2427 900 2460 die
925 2427 1038 2460 festivo
1065 2439 1159 2471 quam

461 2514 471 2539 1
496 2512 534 2539 Ab
550 2512 701 2539 Alexandro
717 2512 772 2539 Vltt
790 2520 917 2540 concessa
936 2513 986 2540 fuit
1005 2514 1057 2541 alia
1072 2514 1160 2541 indul-

423 2558 515 2592 gentia
536 2561 623 2584 const.
637 2557 680 2583 ed.
695 2563 793 2592 nume,
810 2557 852 2584 die
868 2557 902 2584 30
917 2559 1015 2591 martii,
1032 2558 1127 2594 pontif.
1140 2567 1158 2593 1,

424 2606 451 2629 et
470 2610 485 2628 a
506 2601 647 2628 Benedicto
668 2601 722 2628 Xlll
745 2602 795 2628 alia
816 2601 1000 2628 conceduntur
1016 2607 1097 2630 const.
1114 2603 1157 2630 ed.

424 2653 567 2681 mnecxxw,
589 2646 631 2673 die
652 2646 684 2672 ⁹23
704 2646 876 2681 septembris,
897 2647 989 2682 pontif.
1011 2653 1050 2674 111.

1201 461 1285 493 diem
1310 460 1458 493 feriatum
1483 461 1584 500 eadat,
1602 470 1660 503 per
1683 470 1743 492 nos
1767 458 1935 493 transferri

1200 523 1404 556 summopere
1422 513 1600 546 desideret:
1619 523 1689 552 nos,
1702 512 1848 545 eiusdem
1862 522 1938 555 pro-

1201 566 1358 598 curatoris
1383 566 1543 608 generalis
1568 565 1862 608 supplicationibus
1879 575 1938 598 no-

1202 618 1250 651 bis
1274 629 1370 662 super
1393 619 1457 652 hoc
1492 618 1662 651 humiliter
1696 617 1856 661 porrectis
1881 628 1939 650 an-

1202 681 1303 704 nuere
1322 673 1477 711 volentes,
1490 671 1729 714 indulgentiam
1747 670 1937 704 huiusmodi

1203 735 1262 767 per
1286 725 1406 757 dictum
1425 724 1615 767 Gregorium
1640 724 1938 767 praedecessorem,

1204 782 1239 809 ut
1262 778 1452 820 praefertur,
1478 787 1678 817 concessam,
1705 777 1810 820 quoad
1836 778 1941 810 eccle-

1204 830 1268 863 sias
1292 831 1395 864 dictae
1416 830 1585 864 Societatis
1610 830 1642 863 in
1667 830 1773 863 insula
1795 830 1941 874 praefata

1184 883 1419 916 ‘consistentes
1455 883 1630 923 dumtaxat,
1665 883 1793 926 quoties
1824 883 1940 916 festum

1206 937 1309 970 sancti
1334 937 1448 979 ignatii
1474 937 1675 980 praedictum
1692 937 1724 970 in
1742 937 1827 970 diem
1845 936 1942 969 feria-

1185 992 1272 1023 'tum
1297 991 1408 1031 cadat,
1435 991 1475 1023 ad
1511 990 1705 1023 dominicam
1743 990 1828 1023 intra
1853 989 1942 1023 illius

1206 1048 1361 1083 octavam,
1379 1043 1462 1076 itaut
1485 1042 1715 1076 christifideles
1739 1043 1772 1076 in
1798 1042 1944 1076 ecclesiis

1207 1096 1392 1130 huiusmodi
1418 1097 1488 1140 ipsa
1519 1096 1681 1130 dominica
1706 1096 1942 1140 adimplenteS,

1207 1150 1353 1183 eamdem
1383 1160 1519 1193 prorsus
1554 1149 1793 1193 indulgentiam
1829 1160 1944 1183 conse-

1207 1208 1355 1246 quantur,
1370 1214 1464 1247 quam
1484 1209 1775 1247 consequerentur,
1789 1202 1815 1236 si
1830 1203 1944 1236 eadem

1206 1257 1381 1300 praemissa
1407 1256 1458 1290 die
1488 1257 1571 1290 sesto
1606 1256 1752 1300 praefato
1789 1256 1945 1299 adimple-

1207 1315 1289 1349 rent,
1315 1312 1439 1343 servata
1475 1309 1553 1342 alias
1589 1309 1622 1342 in
1654 1309 1804 1342 omnibus
1829 1314 1861 1341 et
1885 1319 1945 1352 per

1207 1363 1315 1396 omnia
1349 1363 1528 1396 litterarum
1565 1362 1801 1406 praedictarum
1828 1362 1941 1402 forma,

1207 1417 1320 1448 eadem
1334 1416 1514 1459 apostolica
1529 1416 1844 1456 auctoritate,ten0re
1854 1425 1945 1459 prae-

1206 1469 1353 1508 sentium,
1368 1474 1526 1512 perpetuo
1544 1469 1639 1501 etiam
1659 1469 1895 1501 transferimus.
1910 1468 1943 1501 ln

1206 1522 1405 1555 contrarium
1429 1522 1620 1554 facientibus
1644 1532 1709 1555 non
1736 1521 1943 1554 obstanitbus

1205 1575 1475 1618 quibuscumque.

1248 1629 1361 1661 Datum
1394 1628 1532 1667 Romae,
1560 1629 1645 1671 apud
1671 1628 1702 1661 S.
1730 1628 1858 1660 Mariani
1880 1628 1943 1660 Ma-

1205 1682 1330 1722 iorem,
1359 1682 1417 1715 sub
1445 1683 1566 1715 annulo
1592 1681 1774 1720 piscatoris,
1808 1681 1859 1713 die
1884 1691 1942 1713 xxx

1204 1735 1272 1768 iulii
1295 1745 1428 1775 unmev,
1447 1734 1655 1778 pontificatus
1674 1733 1773 1767 nostri
1801 1745 1885 1767 anno
1909 1744 1940 1767 v.

1240 1797 1298 1824 Dat.
1317 1797 1358 1823 dit-
1376 1797 1408 1824 30
1423 1797 1480 1823 iulii
1501 1797 1578 1829 1⁴395,
1596 1796 1696 1831 pontif.
1719 1805 1790 1824 anno
1807 1803 1832 1823 v.

1535 1939 1609 1973 CXI.

1205 2019 1374 2052 Dividitur
1399 2019 1571 2062 provincia
1595 2019 1770 2052 Sardiniae
1798 2020 1941 2062 fratrum

1338 2071 1598 2115 Capuccinoram
1622 2073 1657 2105 in
1682 2072 1765 2104 duas
1786 2072 1805 2104 ⁸.

1378 2151 1573 2178 Innocentius
1595 2150 1673 2185 Papa
1692 2152 1758 2185 X11,

1340 2196 1377 2223 ad
1396 2196 1533 2223 futuram
1554 2196 1600 2222 rei
1621 2196 1803 2223 memoriam.

1247 2267 1262 2311 ἓ
1281 2267 1311 2299 1.
1330 2266 1391 2299 Pro
1405 2271 1497 2309 parte
1516 2265 1670 2298 carissimi
1694 2266 1724 2298 in
1743 2265 1868 2299 Christo
1883 2265 1938 2299 alii

1204 2320 1305 2354 nostri
1330 2319 1434 2353 Caroli
1459 2318 1686 2362 Hispaniarum
1717 2319 1803 2362 regis
1828 2319 1940 2353 catho-

1240 2427 1249 2453 1
1272 2426 1302 2452 In
1318 2423 1465 2452 Innocentii
1481 2423 1512 2450 xl
1528 2426 1612 2450 const.
1628 2423 1672 2450 ed.
1688 2429 1842 2458 MDCLxxvn,
1862 2424 1906 2452 die
1921 2424 1940 2451 7

1202 2469 1367 2503 novembriS,
1384 2472 1458 2504 pont.
1474 2474 1491 2501 1,
1509 2470 1581 2494 extat
1595 2467 1647 2494 alia
1662 2467 1756 2495 divisio
1771 2468 1939 2504 provinciae;

1202 2518 1228 2541 et
1246 2515 1272 2541 in
1287 2517 1371 2541 const.
1386 2513 1429 2540 ed.
1447 2518 1594 2545 nnchxtx,
1610 2512 1652 2538 die
1670 2513 1701 2539 10
1714 2512 1855 2543 februarii,
1872 2521 1940 2548 pon-

1200 2558 1240 2585 tis.
1262 2564 1310 2591 111,
1332 2557 1432 2584 erectio
1452 2564 1538 2583 novae
1564 2556 1725 2591 provinciae.
1749 2557 1776 2583 ln
1798 2557 1941 2584 Clementis

1201 2612 1264 2629 vero
1278 2603 1311 2629 XI
1332 2605 1418 2628 const.
1439 2601 1501 2628 edit.
1524 2607 1632 2634 MDCCIV,
1654 2601 1696 2627 die
1721 2604 1726 2627 t
1752 2601 1851 2633 martii,
1871 2610 1939 2637 pon-

1201 2647 1240 2675 tif.
1262 2653 1297 2682 tv,
1319 2648 1381 2674 item
1403 2645 1495 2673 divisio
1516 2645 1679 2680 prouinciae.

1937 251 1989 277 An.
2009 249 2037 276 C.
2057 249 2122 276 1005

1977 2272 2058 2293 Causae
2081 2271 2123 2292 dut

1950 2305 2023 2320 sionis.
