2254 3225
230 241 267 268 An
296 240 325 268 G.
345 241 411 268 1696
457 233 521 267 734

240 1677 269 1700 Da
283 1679 400 1704 privatione

219 1706 389 1731 guardianorum.

254 2362 283 2383 Du
305 2364 399 2389 tompore

218 2390 376 2414 guardianatus.

425 291 551 330 mentis,
578 289 752 324 dummodo
771 295 878 325 tamen
898 291 999 325 choro
1025 298 1056 325 et
1080 293 1156 326 rese·

424 343 527 377 ctorio
552 344 715 385 intersint,
741 344 834 378 aliter
858 345 1024 387 guardiani
1047 350 1077 377 et
1101 345 1153 377 alii

423 396 577 430 officiales
609 397 691 430 nihil
717 398 962 431 subministrare
994 398 1151 437 debeant;

423 454 456 483 et
479 451 606 493 expleta
629 450 829 491 visitatione,
854 450 969 483 maiori
994 461 1056 493 qua
1079 460 1154 492 pos-

423 502 517 536 sibile
543 508 591 536 est
614 503 841 542 sollicitudine,
863 504 903 535 ab
928 513 967 537 eo
992 506 1153 535 conventu

422 556 596 596 recedant,
622 566 681 588 nec
705 556 766 588 nisi
792 556 891 587 semel
917 554 948 587 in
975 564 1058 586 anno
1079 553 1153 585 visi-

422 613 490 642 tare
508 608 642 652 possint,
657 613 689 640 et
702 606 751 640 in¹
768 607 999 649 insignioribus
1013 616 1153 639 conven-

422 661 505 694 tibus
524 666 688 704 nequeant
704 660 923 703 provinciales
940 669 1070 692 manere
1089 659 1151 692 nisi

421 725 479 758 per
510 719 583 747 octo
608 714 657 747 vel
683 714 793 747 decem
818 713 857 746 ad
877 723 1036 746 summum
1062 713 1150 753 dies,

422 767 453 799 in
478 767 547 800 aliis
573 777 648 800 vcro
673 776 730 809 per
746 770 885 809 quatuor
904 771 959 798 aut
974 776 1048 806 sex;
1067 765 1091 798 si
1108 771 1153 798 ta-

419 830 493 853 men
506 819 611 862 aliqua
629 819 814 862 gravissima
828 820 923 852 causa
941 823 995 851 aut
1012 818 1151 851 evidenti

420 873 611 905 necessitate
622 872 826 914 contingeret
838 883 897 915 per
911 872 1014 904 maius
1025 877 1152 915 tempus

419 924 450 957 in
477 925 590 958 eodem
616 930 777 958 conventu
802 924 932 964 morari,
957 934 1016 957 nos
1040 924 1148 956 moni--

419 981 465 1011 tos
484 977 611 1018 saciant,
630 983 831 1020 exponentes
848 988 976 1010 causam
992 988 1068 1009 suae
1080 987 1152 1020 per-

417 1030 600 1063 manentiae
622 1041 694 1063 cum
718 1030 780 1063 side
802 1031 903 1062 iurata
929 1030 1094 1086 guar‘diani
1120 1035 1152 1063 et

415 1088 542 1126 patrum
567 1083 653 1115 illius
678 1089 864 1124 conventus,
891 1094 906 1116 a
933 1094 1007 1126 quo,
1025 1084 1150 1116 seclusa

415 1136 617 1177 necessitate,
639 1137 720 1169 nihil
747 1143 819 1180 post
841 1143 967 1180 tempus
992 1138 1151 1180 praescri-

414 1194 503 1232 ptum
529 1189 562 1221 in
588 1189 651 1222 hoc
677 1189 807 1223 decreto
832 1201 892 1233 pro
918 1190 1150 1223 visitationeli-

413 1247 484 1274 ceat
501 1242 565 1274 illis
584 1242 840 1282 subministrare,
859 1243 916 1275 sub
934 1243 1048 1286 poenis
1066 1243 1150 1275 arbi-

413 1295 474 1328 trio
493 1301 603 1329 nostro
624 1296 808 1330 reservatis.
828 1296 917 1334 Quod
939 1297 1022 1329 idem
1042 1297 1151 1329 obser-

412 1348 551 1381 vandum
588 1354 636 1381 est
668 1349 698 1381 in
731 1349 914 1382 visitatione
946 1349 1147 1391 monialium,

412 1411 493 1444 quas
523 1402 673 1444 quolibet
705 1413 789 1435 anno
824 1402 953 1435 visitare
980 1408 1147 1443 tenentur,

411 1464 471 1486 nec
497 1454 536 1487 ad
565 1459 691 1498 tempus
716 1453 797 1487 seu⁹
818 1465 926 1487 earum
952 1455 1148 1488 monasteria

410 1517 507 1539 nemo
528 1513 658 1550 praeter
676 1507 861 1551 superiores
882 1508 1053 1541 occasione
1074 1508 1149 1541 visi-

411 1559 569 1593 tationum
596 1561 750 1593 accedere
776 1561 891 1593 audeat
911 1572 969 1604 pro
991 1561 1148 1605 hospitio,

412 1623 452 1646 ne
477 1613 673 1646 monasteria
698 1624 809 1647 earum
835 1614 929 1647 nimis
959 1621 1146 1658 graventur.

456 1677 525 1700 vni.
553 1666 729 1699 Guardiani
766 1673 797 1700 et
821 1667 875 1700 alii
908 1668 1097 1712 superiores
1122 1668 1148 1701 si

411 1719 452 1752 ob
471 1719 603 1762 aliquod
622 1719 751 1761 crimen,
766 1721 943 1764 praecipue
959 1732 995 1754 cx
1013 1721 1078 1754 illis
1096 1732 1149 1754 ex-

411 1772 532 1815 pressis
547 1773 578 1805 in
593 1773 691 1806 sacris
708 1774 993 1807 constitutionibus
1008 1775 1040 1807 in
1055 1786 1082 1808 c.
1094 1785 1149 1808 vm

409 1825 542 1867 regulae
558 1825 606 1857 tit.
624 1835 643 1865 1,
660 1825 778 1868 privari
793 1826 934 1859 debeant
951 1827 1069 1868 officio,
1087 1828 1150 1861 hoc

409 1876 464 1909 fiat
489 1876 624 1911 iuridice
649 1878 781 1921 praevia
806 1879 998 1914 formatione
1019 1891 1150 1924 proces-

409 1939 476 1970 sus,
494 1930 538 1963 ita
553 1930 649 1973 quod,
668 1931 727 1964 nisi
746 1931 784 1964 de
803 1933 937 1966 veritate
959 1934 1148 1975 constiterit,

411 1988 442 2016 et
466 1983 589 2016 crimen
615 1983 658 2017 sit
682 1989 793 2028 aperte
823 1991 855 2018 et
880 1986 1048 2020 evidenter
1072 1998 1148 2030 pro-

409 2035 534 2077 batum,
558 2037 596 2070 ad
622 2043 726 2071 actum
751 2038 942 2081 privationis
963 2050 1029 2073 non
1055 2041 1149 2074 deve-

410 2088 534 2131 niatur,
567 2096 602 2122 ut
634 2101 670 2123 ex
707 2091 838 2124 constit.
873 2098 907 2124 ut
941 2103 1058 2136 supra;
1092 2095 1148 2127 ali-

410 2147 461 2176 ter
484 2143 623 2187 privatio
648 2145 737 2177 nulla
762 2145 806 2177 sit
823 2150 854 2178 et
874 2145 1022 2186 invalida,
1045 2153 1077 2179 et
1102 2147 1148 2180 iu-

411 2195 500 2229 dices
532 2198 611 2230 tales
636 2203 750 2230 contra
785 2199 920 2231 sormam
946 2200 1147 2234 constitutio-

410 2259 487 2282 num
511 2250 664 2283 facientes
685 2262 702 2283 a
722 2252 816 2284 nobis
834 2252 1011 2295 punientur
1030 2255 1146 2298 poenis

411 2307 522 2335 nostro
547 2302 665 2335 abitrio
695 2305 878 2338 reservatis.

455 2365 498 2388 lx.
525 2355 637 2388 Nullus
663 2356 898 2399 imposterum,
932 2358 1019 2392 iuxta
1044 2359 1146 2393 felicis

410 2407 587 2441 memoriae
604 2408 690 2441 beati
717 2409 762 2441 Pii
788 2409 810 2440 V
835 2410 1016 2451 decretum,
1043 2412 1146 2455 possit

410 2461 581 2504 plusquam
605 2471 664 2504 per
690 2461 863 2494 triennium
887 2463 920 2495 in
938 2464 1053 2497 eodem
1071 2475 1146 2498 con-

410 2518 508 2547 ventu
543 2524 675 2547 munere
711 2515 799 2557 fungi
836 2516 1086 2559 guardianatus,
1111 2523 1146 2550 ut

445 2585 457 2611 1
480 2585 631 2620 Praeposit.
649 2586 681 2613 in
697 2593 746 2613 nos
761 2585 884 2612 addimus
898 2589 934 2619 (a.
952 2590 999 2621 r).

444 2627 460 2653 2
481 2627 580 2655 Forsan
596 2630 634 2656 ad
649 2638 697 2665 pro
712 2639 760 2657 seu
777 2629 918 2664 legendum
934 2636 973 2666 (n.
989 2631 1037 2667 τ.).

991 243 1171 268 BULLARIUM
1194 243 1349 268 ROMANUM

1199 293 1293 325 etiam
1327 304 1363 325 ex
1399 291 1683 326 constitutionibus
1712 294 1744 326 in
1769 304 1839 337 cap.
1872 304 1928 329 v111

1199 346 1340 386 regulae,
1367 344 1415 377 tit.
1441 354 1529 385 xx111,
1554 344 1586 377 in
1612 356 1749 389 poenam
1772 346 1929 380 ministris

1197 397 1461 440 provincialibus,
1488 398 1542 441 qui
1564 409 1617 432 eos
1635 405 1858 443 proponerent
1872 411 1929 434 seu

1198 450 1368 491 eligerent,
1384 450 1573 493 privationis
1591 451 1702 494 officii;
1719 453 1750 486 in
1765 453 1836 487 aliis
1852 464 1928 488 vero

1198 502 1252 535 ex¹
1263 503 1553 538 constitutionibus
1566 511 1674 549 potest
1687 507 1767 550 quis,
1782 508 1859 540 licet
1870 517 1930 552 per

1198 556 1373 589 triennium
1399 558 1494 591 suerit
1519 559 1550 591 in
1576 570 1641 592 uno
1658 565 1821 593 conventu
1837 571 1931 603 guar-

1198 608 1324 650 dianus,
1345 610 1437 653 eligi;
1457 610 1483 643 si
1501 616 1606 644 tamen
1624 613 1741 656 aliquis
1760 613 1856 647 suerit
1871 624 1930 658 per

1198 660 1371 694 triennium
1404 663 1436 694 in
1462 663 1569 707 aliquo
1600 668 1760 699 conventu
1784 665 1931 708 guardia-

1197 724 1274 755 nus,
1311 720 1342 748 et
1379 722 1451 759 post
1486 717 1659 750 triennium
1689 719 1810 752 electus
1835 719 1931 752 suerit

1196 767 1228 799 in
1254 768 1329 807 alio,
1354 773 1461 811 potest
1478 769 1611 810 iterum,
1629 771 1654 803 si
1680 771 1797 814 dignus
1821 771 1871 812 sit,
1889 772 1929 806 ad

1196 820 1344 854 eumdem
1368 827 1560 855 conventum
1584 823 1638 856 ubi
1656 823 1857 867 sueritprius
1870 834 1930 869 per

1197 874 1372 907 triennium
1393 875 1509 908 iterum
1539 876 1627 919 eligi.

1238 937 1268 959 x.
1288 927 1321 959 In
1342 938 1540 971 unoquoque
1558 934 1718 962 conventu
1732 929 1930 973 deputentur

1195 989 1253 1021 pro
1279 980 1561 1014 administratione
1586 982 1747 1015 bonorum
1769 987 1928 1026 tempora-

1195 1033 1273 1066 lium
1299 1032 1455 1066 officiales
1480 1033 1568 1066 iuxta
1593 1035 1830 1079 praescriptum
1854 1046 1930 1070 con-

1196 1086 1411 1128 stitutionum,
1432 1097 1491 1130 per
1515 1098 1653 1130 quorum
1678 1099 1790 1122 manus
1815 1099 1928 1122 omnes

1194 1144 1370 1182 proventus
1387 1167 1394 1180 ,
1436 1139 1593 1183 pecuniae
1633 1145 1665 1174 et
1704 1142 1928 1185 eleemosynae

1195 1197 1370 1233 transeant,
1381 1203 1440 1226 nec
1454 1193 1512 1225 sub
1527 1194 1639 1237 quovis
1654 1198 1821 1238 praetextu
1835 1194 1930 1228 liceat

1194 1245 1379 1288 guardianis
1405 1247 1629 1280 administrare
1655 1247 1714 1280 sub
1739 1249 1845 1290 poena
1868 1248 1931 1291 pri·

1193 1299 1330 1332 vationis
1357 1299 1455 1332 officii
1473 1310 1509 1332 ac
1523 1300 1691 1343 utriusque
1711 1300 1798 1333 vocis
1814 1300 1844 1332 in
1862 1310 1931 1344 per-

1194 1357 1328 1395 petuum
1353 1352 1440 1385 iuxta
1465 1353 1703 1396 praescriptum
1741 1354 1929 1387 earumdem

1193 1405 1462 1438 constitutionum
1478 1406 1510 1438 in
1531 1417 1601 1450 cap.
1617 1417 1648 1440 iv
1665 1407 1804 1449 regulae,
1824 1406 1872 1439 tit.
1892 1417 1927 1440 11.

1193 1457 1322 1501 Ipsique
1338 1458 1493 1492 officiales
1515 1459 1723 1492 instituantur
1739 1459 1827 1492 iuxta
1841 1470 1930 1503 prae·

1193 1510 1346 1554 scriptum
1379 1512 1565 1544 earumdem
1591 1512 1870 1551 constitutionum,
1897 1516 1929 1544 et

1193 1569 1340 1596 servetur
1358 1569 1468 1596 exacta
1490 1564 1592 1597 forma
1609 1564 1723 1597 aerarii
1750 1569 1926 1597 conventus

1192 1615 1225 1647 in
1251 1626 1314 1659 quo
1339 1617 1399 1648 sub
1425 1617 1570 1649 custodia
1599 1617 1695 1649 trium
1720 1616 1853 1649 clavium
1879 1627 1928 1650 as-

1192 1673 1362 1701 serventur
1386 1669 1545 1711 pecuniae
1563 1674 1596 1702 et
1615 1670 1844 1712 eleemosynae
1867 1674 1929 1702 tam

1193 1726 1371 1753 conventus
1397 1732 1492 1764 quarn
1519 1722 1649 1754 fratrum
1674 1722 1928 1765 particularium,

1192 1778 1226 1805 ut
1250 1774 1458 1817 praecipiunt
1481 1774 1744 1807 constitutiones.

1235 1837 1279 1860 x1.
1304 1826 1338 1859 In
1362 1827 1554 1860 recitatione
1570 1827 1667 1860 divini
1685 1827 1783 1860 officii
1801 1837 1930 1861 serven-

1193 1885 1244 1912 tur
1268 1879 1355 1912 iuxta
1380 1880 1526 1913 ordinem
1546 1880 1577 1913 S.
1599 1881 1633 1913 P..
1654 1880 1689 1912 E.
1713 1890 1826 1913 ornnes
1846 1880 1928 1914 ritus

1193 1938 1225 1965 et
1248 1933 1516 1973 consuetudines,
1542 1944 1602 1966 nec
1626 1933 1723 1966 liceat
1754 1933 1859 1966 facere
1882 1933 1929 1966 ol'-

1192 1986 1301 2019 ficium
1325 1986 1460 2019 alicuius
1485 1986 1605 2027 Sancti,
1636 1986 1699 2019 nisi
1726 1986 1813 2019 iuxta
1838 1986 1926 2020 ordi-

1192 2050 1267 2073 nem
1287 2039 1441 2072 Breviarii
1463 2039 1606 2079 Romani,
1625 2045 1755 2083 praeter
1773 2040 1827 2073 illa
1845 2049 1928 2083 quae

1192 2103 1210 2126 a
1233 2092 1264 2125 S.
1292 2092 1383 2125 Sedis
1407 2092 1540 2135 speciali
1567 2093 1669 2135 gratia
1685 2098 1760 2125 sunt
1775 2102 1928 2125 concessa

1192 2145 1364 2188 religioni;
1401 2146 1486 2178 unde
1522 2146 1667 2178 districte
1707 2146 1926 2188 praecipimus

1192 2198 1417 2242 superioribus
1438 2198 1586 2230 omnibus
1611 2203 1644 2231 et
1667 2198 1792 2230 vicariis
1810 2208 1867 2230 seu
1883 2197 1926 2230 di-

1192 2251 1374 2284 rectoribus
1388 2251 1489 2292 chori,
1503 2261 1544 2283 ne
1563 2250 1769 2293 imposterum
1785 2251 1926 2283 audeant

1191 2305 1328 2337 recitare
1345 2331 1352 2345 ‚
1389 2314 1450 2336 nec
1480 2304 1608 2336 recitari
1635 2303 1839 2345 permittere,
1865 2313 1925 2335 nec

1191 2357 1320 2401 publice
1347 2368 1406 2390 nec
1431 2357 1588 2400 privatim,
1614 2356 1755 2389 officium
1772 2356 1924 2399 Corporis

1191 2410 1331 2450 Christi,
1353 2416 1406 2443 aut
1430 2410 1653 2455 lmrnaculatae
1682 2408 1922 2452 Conceptionis,

1191 2468 1246 2496 aut
1269 2463 1403 2495 alterius
1429 2462 1534 2496 Sancti
1560 2462 1591 2494 in
1618 2462 1764 2494 Adventu
1789 2467 1821 2494 et
1843 2462 1926 2501 Qua—

1191 2516 1382 2558 dragesima,
1408 2526 1444 2548 ac
1468 2515 1539 2548 aliis
1563 2515 1776 2558 temporibus,
1804 2515 1835 2548 in
1853 2515 1925 2559 qui-

1191 2570 1251 2602 bus
1275 2580 1341 2602 non
1367 2574 1415 2601 est
1439 2568 1653 2611 privilegium,
1679 2574 1709 2600 et
1730 2569 1827 2601 talem
1848 2568 1924 2601 abu-

1227 2633 1238 2657 ¹
1263 2631 1409 2666 Praeposit.
1433 2639 1468 2656 ecc
1489 2638 1536 2657 nos
1555 2630 1677 2658 addimus
1696 2631 1733 2666 (n.
1754 2630 1803 2665 T.).

1929 246 1979 275 An.
1999 249 2029 276 C.
2050 248 2117 275 ¹69ss

1974 943 2003 965 De
2025 943 2122 965 ametan-

1938 971 1977 992 bus
2007 972 2121 992 coenob-o-

1938 1003 1989 1018 rum.

1966 1840 1996 1862 Da
2011 1841 2083 1862 div-ino
2092 1841 2122 1862 ot-

1939 1867 1993 1890 ficio.
