2254 3225
234 222 284 250 An.
301 221 330 251 C.
353 218 420 249 t602
464 211 528 244 ΛΕΜ

427 269 578 303 omnihus
603 273 636 303 et
659 269 811 312 singulis,
831 278 911 312 quos
935 268 1009 301 illae
1034 278 1164 302 concer-

427 327 520 363 nunt,
539 322 672 366 penitus
692 327 725 355 et
744 323 804 355 sub
822 321 902 354 inibi
919 321 1081 355 contentis
1105 330 1164 363 per

428 375 697 411 contrafacientes
709 374 979 409 irremissibiliter
995 374 1002 406 i
1008 383 1164 407 ncurren-

428 430 478 464 dis
503 429 617 474 poenis
633 434 666 463 et
689 429 845 469 censuris
866 433 897 462 et
921 435 991 461 cum
1012 426 1163 460 omnibus

429 483 512 519 inibi
525 483 662 518 decretis
682 487 715 516 et
731 481 872 522 sancitis,
894 480 1059 514 observari
1075 481 1163 513 rolu-

991 218 1169 243 Bt'meUM
1195 218 1347 243 thMANl'M

1903 246 1909 259 ,
1946 223 1992 248 An.
2011 223 2038 250 c.
2062 223 2128 251 tto]

1205 267 1455 310 consanguineis
1479 272 1532 300 aut
1558 267 1632 301 filiis
1668 269 1766 302 occisi
1801 269 1934 310 habita,

1204 320 1274 352 sine
1299 325 1411 354 nostro
1435 325 1467 353 et
1491 321 1713 356 Romanorum
1744 322 1935 356 Pontificum

1204 381 1262 415 pro
1288 377 1432 417 tempore
1458 373 1662 407 existentium
1688 375 1822 418 speciali
1849 385 1937 409 man-

1204 426 1289 466 dato,
1306 426 1439 460 omnino
1463 427 1688 470 prohibemus,
1708 422 1762 461 'ita
1780 433 1884 462 tamen
1902 435 1937 462 ut

1204 487 1263 520 pro
1289 479 1475 514 huiusmodi
1501 480 1653 513 mandato
1671 485 1761 513 certa
1785 491 1843 514 seu
1863 492 1936 525 pre-

428 547 500 570 mus
524 541 621 579 atque
638 534 864 574 decernimus;
887 533 987 566 firmis
1004 538 1036 565 et
1054 532 1085 565 in
1104 542 1162 566 suo
1182 529 1185 569 Ι
1204 530 1268 564 cisa
1292 532 1396 566 forma
1414 542 1479 565 non
1500 532 1698 575 requiratur,
1718 537 1815 576 prout
1834 534 1867 567 in
1884 545 1934 567 su-

429 590 548 623 robore
573 594 605 623 et
628 594 711 622 statu
732 587 977 621 remanentibus
997 586 1114 619 ceteris
1131 586 1164 619 in
1183 618 1185 624 ,

430 644 543 678 iisdem
557 640 673 676 litteris
686 641 821 681 statutis,
834 640 964 674 sancitis
976 640 1163 674 etdecretis.
1184 682 1186 686 λ

473 697 489 741 ἓ
513 697 544 730 7.
563 695 782 730 Nihilominus
798 695 956 728 haetenus
981 693 1164 737 inquisitos,
1184 703 1185 721 1

236 754 649 794 nour-ninnium}-p1·OCeSSatOS‚
666 748 902 782 condemnatos
919 752 974 780 aut
996 747 1162 787 bannitos,
1183 763 1185 768 Δ

263 707 366 728 Redditur
382 706 419 727 mi-

236 735 308 755 nisum
330 733 419 754 faculta-

237 788 419 836 1‘.2¹¹¹.i.i'f‚'“tf'a¹¹sii.⁰m
429 802 497 836 sive
521 801 567 836 uti
593 801 805 846 principales,
822 801 887 834 sive
908 800 954 833 uti
974 800 1164 834 mandantes

428 855 479 890 vel
503 852 736 895 mandatarios,
755 854 821 887 sive
839 853 884 886 uti
902 853 1090 896 complices,
1111 858 1165 885 aut

430 908 603 950 auxilium,
642 908 692 942 vel
731 907 921 948 consilium,
948 907 998 940 vel
1023 906 1185 940 sarorcnr

429 966 643 1006 praestantes,
663 972 699 997 ex
721 963 817 994 eausa
839 961 889 993 vel
914 959 1082 994 occasione
1107 959 1164 992 ho-

429 1014 562 1057 micidii,
588 1025 647 1058 pro
683 1024 746 1057 qua
782 1023 889 1057 poena
920 1012 1084 1046 ordinaria
1114 1012 1185 1053 vel¹

429 1067 690 1102 extraordinaria
721 1066 872 1110 imposita
906 1065 1003 1098 fuerit
1027 1065 1077 1097 vel
1103 1058 1185 1098 erits

1183 1128 1185 1136 t
1205 1122 1236 1150 et
1259 1116 1516 1160 quibuscumque
1544 1116 1615 1150 aliis
1639 1119 1844 1161 quantumvis
1867 1130 1940 1162 spe-

430 1132 489 1155 seu
512 1120 712 1164 imponenda
737 1119 842 1159 soret,
869 1122 900 1152 et
925 1128 1006 1162 quos
1031 1118 1164 1161 quibus-

428 1184 567 1218 cumque
591 1172 705 1206 suturis
726 1171 928 1215 temporibus
949 1171 1100 1204 similiter
1117 1171 1164 1205 in-

429 1227 526 1271 quiri,
552 1225 747 1270 processari,
766 1225 978 1258 condemnari
1004 1235 1061 1258 seu
1087 1225 1164 1258 ban-

429 1280 492 1314 niri
509 1279 686 1323 contigerit
698 1278 836 1312 ubilibet
852 1278 884 1311 in
903 1278 1162 1322 quibuscumque

428 1332 625 1373 civitatibus,
647 1331 743 1365 terris
765 1336 798 1364 et
821 1330 900 1365 locis
925 1331 1018 1363 nobis
1044 1336 1074 1363 et
1091 1331 1163 1363 San-

428 1390 499 1419 ctae
511 1385 585 1419 Sedi
600 1384 743 1418 mediate
753 1389 783 1417 et
797 1383 980 1417 immediate
996 1383 1161 1423 subiectis,

428 1436 673 1482 comprehensis
685 1437 782 1470 etiam
797 1440 934 1479 quatuor
946 1436 1161 1479 legationibus
1182 1460 1184 1471 ⁴

429 1497 461 1524 et
490 1490 673 1524 civitatibus
699 1488 917 1530 Bononiensi,
939 1489 1160 1530 Ferrariensi,

428 1544 679 1585 Beneventana,
700 1542 837 1586 aliisque
869 1541 965 1575 etiam
990 1542 1162 1585 specialem

428 1604 461 1632 et
476 1597 675 1632 individuam
690 1595 937 1640 expressionem
961 1600 993 1629 et
1017 1596 1162 1629 denomi-

427 1651 596 1686 nationem
621 1649 876 1694 requirentibus,
900 1649 991 1682 nullo
1017 1659 1159 1692 unquam

428 1711 576 1749 tempore
593 1704 644 1738 vel
668 1703 767 1736 modo
793 1713 829 1735 ex
854 1701 963 1745 aliqua
980 1702 1081 1745 gratia
1105 1713 1159 1735 seu

428 1756 680 1803 compositione,
699 1757 748 1789 vel
773 1765 832 1799 per
856 1755 939 1788 viam
968 1755 1159 1788 cassationis

428 1821 603 1857 processus
637 1808 777 1849 remitti,
814 1818 871 1841 seu
905 1808 1159 1851 quoquomodo

427 1865 569 1909 gratioso
583 1861 762 1903 rebanniri,
780 1861 943 1894 habilitari
962 1872 1018 1894 seu
1035 1860 1160 1904 dispeu-

427 1919 516 1960 sari,
550 1917 724 1960 minusque
761 1915 825 1949 illis
859 1915 999 1958 aliquem
1036 1915 1159 1948 salvum

427 1972 633 2011 conductum,
651 1973 879 2013 praeterquam
894 1978 952 2011 pro
974 1977 1060 2008 vero,
1080 1967 1158 2000 reali

428 2030 460 2059 et
483 2023 670 2059 necessario
690 2021 823 2055 servitio
848 2020 1003 2061 iustitiae,
1031 2025 1062 2054 et
1085 2025 1160 2055 tunc

427 2088 487 2122 pro
511 2087 550 2111 eo
575 2076 740 2109 dumtaxat
764 2079 924 2117 tempore,
943 2073 1028 2116 quod
1047 2072 1160 2105 liuius-

426 2129 516 2165 modi
550 2128 684 2162 servitio
720 2130 895 2170 congruat,
936 2125 1070 2159 concedi
1102 2136 1160 2168 per

428 2182 804 2229 quoscumquelocorum
822 2184 854 2213 et
870 2179 1035 2212 civitatum
1049 2178 1160 2221 guber-

427 2242 560 2272 natores
579 2240 611 2269 et
634 2233 776 2267 iustitiae
796 2232 962 2272 officiales,
980 2231 1161 2275 provincia-

427 2301 500 2324 rum
523 2292 671 2322 rectores
697 2285 800 2319 dictae
816 2285 981 2318 Romanae
999 2284 1159 2318 Ecclesiae

427 2344 461 2377 in
478 2339 711 2386 temporalibus
729 2338 872 2378 vicarios,
888 2342 919 2371 ct
936 2347 1159 2381 quoscumque

427 2397 507 2431 alios
532 2391 738 2439 quantumvis
770 2391 907 2435 speciali
939 2396 971 2424 et
994 2390 1159 2424 individua

427 2451 506 2485 nota
529 2448 657 2491 dignos,
682 2457 720 2480 ae
744 2445 839 2479 etiam
871 2445 961 2487 ipsos
994 2445 1033 2477 de
1058 2445 1159 2477 latere

426 2506 553 2547 legatos
570 2499 672 2544 (salva
688 2504 797 2531 tamen
822 2497 930 2540 quoad
956 2496 1088 2529 eosdem
1113 2498 1159 2530 le-

427 2562 519 2601 gatos
542 2552 749 2596 infrascripta
773 2550 980 2585 distinetione
1005 2560 1061 2581 seu
1091 2560 1160 2582 mo-

428 2608 622 2653 deratione),
640 2606 737 2640 etiam
750 2615 828 2651 paee
846 2603 885 2639 ab
899 2602 1093 2638 haeredibus
1110 2603 1157 2636 vel

1203 584 1316 627 perius
1352 585 1464 620 relatis
1500 585 1630 626 litteris,
1668 587 1786 629 quibus
1817 587 1850 620 in
1875 588 1937 622 hac

1204 643 1295 681 parte
1320 643 1507 682 opportune
1530 639 1722 681 derogamus
1747 643 1780 673 et
1805 640 1937 684 deroga-

1205 698 1270 724 tum
1296 702 1369 726 esse
1394 693 1552 732 volumus,
1580 693 1763 733 cavebatur,
1783 694 1837 728 sed
1863 702 1937 737 quo-

1204 754 1340 789 cumque
1366 745 1511 788 legitimo
1544 745 1642 781 modo
1672 745 1753 780 illud
1779 754 1937 790 apparere

1204 809 1260 832 seu
1284 798 1413 842 probari
1438 798 1584 832 sufficiat.
1611 815 1613 818 ·

1247 852 1262 895 g
1285 850 1316 886 8.
1344 852 1389 884 Ad
1422 852 1501 884 llaec
1524 861 1635 884 omncs
1655 856 1687 885 et
1711 852 1871 895 quaslibet
1894 854 1938 888 sa·
1962 861 2130 883 monvmen-

1949 888 1975 908 sa*
1985 889 2070 909 nul-arum
2087 896 2120 909 ser

1204 905 1338 938 cultates
1362 904 1621 948 quibuscumque
1645 905 1794 939 locorum
1818 912 1850 940 et
1869 908 1992 943 civi-rm
2008 915 2069 935 Μαι
2092 915 2130 935 ¹¹¹¹-

1205 963 1304 991 tatum
1328 957 1610 1001 gubernatoribus,
1636 958 1779 992 iustitiae
1795 943 2130 995 0ffi05311-l”1}1²Q5233'.⁴''²'‘*

1204 1010 1271 1051 bus,
1290 1010 1526 1054 provinciarum
1550 1011 1743 1051 rectoribus,
1760 1012 1863 1046 dictae
1880 1013 1940 1047 Ro-

1204 1074 1315 1097 manae
1328 1063 1490 1097 Ecclesiae
1506 1063 1632 1096 vicariis
1646 1063 1678 1096 in
1694 1065 1938 1108 temporalibus,

1205 1170 1275 1203 ciali
1302 1174 1334 1203 et
1357 1169 1522 1203 individua
1546 1171 1624 1203 nota
1649 1171 1764 1213 dignis,
1785 1182 1821 1204 ae
1844 1172 1939 1205 etiarn

1206 1222 1283 1265 ipsis
1309 1222 1348 1255 de
1372 1223 1475 1255 latere
1492 1222 1606 1265 legatis
1626 1222 1729 1265 (salva
1746 1227 1853 1257 tamen
1874 1235 1939 1267 quo

1205 1275 1243 1307 ad
1275 1275 1408 1309 eosdem
1440 1275 1566 1318 legatos
1597 1275 1803 1319 insrascripta
1827 1277 1940 1311 distin-

1204 1328 1311 1361 ctione
1325 1338 1380 1362 seu
1395 1327 1632 1371 moderatione)
1643 1339 1741 1372 super
1754 1329 1939 1365 huiusmodi

1205 1380 1391 1423 gratiarum,
1411 1380 1694 1423 compositionum,
1713 1381 1937 1423 cassationum,

1203 1434 1671 1477 processuum,remissionum,
1688 1435 1937 1475 habitationum,

1204 1486 1483 1530 dispensationum
1502 1492 1533 1519 et
1549 1488 1711 1519 salvorum
1723 1487 1939 1520 conductuum

1203 1540 1425 1580 concessione,
1440 1540 1536 1572 etiam
1553 1550 1610 1582 per
1624 1550 1683 1573 nos
1696 1544 1729 1573 et
1746 1540 1940 1583 praedeees-

1203 1598 1492 1632 s01·es110st1·0s,ae
1502 1592 1616 1625 Sedcm
1629 1593 1785 1632 eamdem,
1798 1593 1854 1626 sub
1866 1604 1941 1637 qua-

1201 1647 1247 1679 vis
1273 1647 1374 1680 formai
1392 1651 1423 1679 et
1439 1645 1612 1679 verborum
1633 1645 1844 1689 amplitudine
1863 1657 1940 1682 con-

1202 1710 1319 1739 ces-sas,
1339 1699 1504 1732 innovatas
1522 1704 1552 1731 et
1573 1700 1780 1742 approbatas,
1801 1699 1937 1734 omniuo

1202 1762 1400 1792 revocamus,
1416 1762 1586 1787 cassamus.
1603 1751 1766 1784 irritamus
1780 1757 1811 1784 et
1828 1754 1940 1786 annul-

1202 1807 1315 1846 lamus,
1331 1810 1363 1838 et
1376 1815 1434 1848 pro
1448 1805 1617 1845 revocatis,
1632 1805 1773 1845 cassatis,
1790 1805 1891 1839 irritis
1906 1811 1939 1839 et

1201 1859 1311 1899 nullis,
1330 1868 1366 1891 ac
1384 1858 1410 1891 si
1428 1868 1602 1891 concessae
1620 1868 1687 1890 non
1704 1858 1860 1899 fuissent,
1878 1859 1937 1892 ha-

1200 1911 1269 1945 beri
1287 1912 1433 1944 volumus
1447 1916 1479 1944 et
1496 1910 1712 1950 decernimus,
1726 1916 1758 1945 et
1771 1921 1938 1954 quascum-

1201 1976 1262 2009 que
1287 1964 1464 2004 facultates,
1483 1963 1510 1996 si
1528 1974 1608 2007 quas
1627 1964 1658 1996 in
1676 1968 1844 2006 posterum
1861 1974 1938 1998 con·

1201 2018 1271 2052 cedi
1285 2016 1468 2060 contigerit,
1480 2016 1598 2049 servari
1614 2016 1709 2049 huius
1722 2021 1852 2050 nostrae
1863 2026 1936 2050 eon-

1200 2069 1394 2104 stitutionis¹
1417 2069 1549 2103 sormam
1567 2068 1703 2111 intelligi
1719 2073 1749 2100 et
1766 2068 1932 2102 observari

1201 2124 1323 2157 debere
1340 2122 1472 2156 omnino
1489 2122 1638 2154 volumus
1657 2125 1689 2154 et
1705 2121 1905 2154 mandamus.

1244 2177 1259 2220 ἓ
1274 2176 1305 2209 9.
1327 2175 1455 2213 Verum,
1471 2173 1546 2217 quia
1563 2173 1595 2205 in
1613 2172 1722 2206 relatis
1738 2174 2114 2228 Psassdcoes‘ca.-aii,⁰.'i.i?.‘.⁸j'5'÷

1201 2240 1309 2264 sorum
1334 2233 1520 2262 nostrorum
1544 2225 1660 2260 litteris
1686 2226 1805 2260 ceteris
1830 2220 2021 2260 omni-mcm'
2052 2223 2127 2258 lewa

1944 2259 2035 2279 facultas
2071 2263 2116 2280 extr

1201 2284 1261 2316 bus
1297 2280 1489 2316 officialibus
1514 2284 1546 2312 et
1580 2279 1730 2323 personis
1766 2280 2014 2332 p1·aesatis,3?s;¹'·:1
2031 2291 2129 2334 rffiffcoi

1201 2346 1304 2380 aeque
1328 2345 1365 2368 ae
1388 2333 1468 2377 ipsis
1495 2333 1535 2366 de
1559 2333 1662 2365 latere
1681 2332 1981 2375 legatis‚huius-d¹¹-

1202 2388 1288 2423 modi
1311 2387 1434 2432 gratiae
1452 2390 1482 2419 et
1499 2390 1589 2419 aetus
1614 2383 1803 2417 indistincte
1821 2385 1934 2427 prohi-

1201 2443 1329 2481 bentur,
1344 2439 1553 2481 omniumque
1569 2437 1736 2470 Facultates
1750 2437 1933 2481 parisormi-

1202 2500 1250 2528 ter
1267 2497 1469 2531 revocantur,
1487 2491 1550 2522 sire
1567 2491 1605 2523 de
1622 2490 1805 2523 homicidiis
1824 2491 1932 2524 animo

1202 2547 1391 2585 deliberato,
1412 2544 1478 2577 sive
1496 2553 1570 2575 casu
1584 2542 1727 2583 fortuito,
1740 2544 1789 2576 vel
1805 2542 1835 2574 in
1854 2545 1933 2583 rixa,

1237 2610 1247 2636 1
1266 2607 1331 2636 Male
1347 2606 1411 2636 (dit.
1428 2604 1505 2632 Maia.
1521 2604 1584 2640 legit
1601 2603 1829 2639 couyregyationis
1839 2603 1931 2639 (1⁷..T.).
