2227 3225
122 278 174 304 An.
191 277 222 305 C.
246 276 314 303 1003

313 325 530 364 stratentium,
549 330 580 358 et
598 325 844 357 resormatorum
861 323 1049 357 Cistercien-

314 378 409 418 sium,
434 379 639 420 Seruianum,
665 378 905 411 Olivetanorum
927 377 1051 410 Ordini-

313 431 384 472 bus,
407 432 543 476 aliisque
569 431 699 465 familiis
725 437 757 464 et
780 431 988 465 societatibus
1006 441 1051 462 re-

314 483 492 527 gularibus,
516 484 658 523 militiis,
683 484 898 528 hospitalibus
923 483 1052 526 quibus-

315 547 464 581 cumque,
489 543 521 571 et
544 538 606 581 piis
640 538 718 571 locis
753 537 958 580 regularibus
978 564 985 577 ,
1016 547 1052 568 ac

315 590 573 635 quibuscumque
605 591 754 635 personis
793 601 879 624 nune
919 596 950 624 et
991 601 1051 634 pro

315 647 461 687 tempore
506 644 720 678 existentibus
762 644 983 688 praefatorum
1020 649 1067 691 et¹¹

315 698 539 739 quorumlibet
577 697 749 738 ordinum,
784 698 981 731 Societatum
1021 703 1050 730 et

316 749 611 793 Congregationum
631 751 829 794 regularium
853 762 913 794 per
937 761 996 784 nos
1022 756 1053 784 et

315 802 432 836 Sedem
467 805 667 847 praedictam
696 815 732 837 ac
767 805 848 837 alios
882 815 1053 848 quoscum-

317 866 378 898 que
415 857 684 898 praedecessores
724 862 851 891 nostros
890 857 1052 890 Romanos

315 908 501 951 Pontifices,
528 921 657 944 necnon
689 910 835 944 eiusdem
871 911 901 944 S.
940 911 978 943 R.
1016 910 1052 944 E.

317 964 512 1005 cardinales,
533 965 629 998 etiam
655 965 694 998 de
719 966 821 999 latere
853 966 997 1008 legatos,
1024 970 1056 998 et

317 1018 446 1060 quosvis
471 1018 563 1051 Sedis
594 1019 779 1062 praedictae
816 1018 971 1059 nuncios,
1007 1019 1055 1052 vel

318 1070 415 1103 etiam
442 1076 505 1104 tam
541 1072 722 1114 apostolica
757 1072 925 1115 praedicta
961 1083 1055 1115 quam

318 1124 485 1157 ordinaria
510 1129 541 1157 et
564 1125 654 1167 regia
690 1125 738 1158 vel
760 1125 923 1168 imperiali
952 1130 1058 1158 aucto-

318 1177 468 1210 ritatibus
495 1178 696 1221 respective,
722 1184 776 1211 aut
812 1178 890 1211 alias
924 1189 1058 1222 quomo-

895 275 1105 299 INNOCENTH'S
1131 275 1174 298 ΧΠ
1200 276 1248 298 Pl'.

320 1230 457 1269 delibet,
468 1230 725 1274 quibuscumque
739 1232 915 1264 verborum
931 1242 1058 1275 expres-

319 1283 469 1316 sionibus
494 1290 526 1317 et
550 1285 734 1325 tenoribus,
760 1285 792 1317 in
811 1295 933 1328 genere
958 1286 1007 1318 vel
1024 1285 1056 1318 in

319 1336 441 1379 specie,
466 1347 502 1370 ac
526 1336 782 1380 particulariter,
811 1343 872 1370 tam
902 1349 961 1381 per
991 1349 1058 1371 mo-

319 1390 395 1422 dum
421 1390 726 1423 communicationis
760 1396 791 1424 et
823 1391 1055 1435 ampliationis,

320 1453 418 1485 quam
443 1443 598 1486 simplicis
623 1448 654 1476 et
676 1443 860 1477 individuae
889 1455 924 1477 ac
958 1444 1059 1488 parti-

319 1495 437 1527 cularis
448 1500 479 1527 et
490 1495 640 1538 specialis
654 1496 891 1536 concessionis,
911 1506 947 1529 ac
961 1497 1055 1530 etiam

318 1553 406 1581 motu
424 1548 569 1592 proprio,
589 1554 621 1581 et
636 1559 673 1581 ex
700 1552 788 1582 certa
804 1550 952 1591 scientia,
970 1555 1001 1583 et
1019 1550 1056 1583 dc

319 1601 517 1643 apostolicae
537 1601 710 1644 potestatis
730 1601 946 1644 plenitudine,
962 1603 1057 1636 etiam
1077 1632 1078 1639 ,

1725 266 1783 298 «ΠΜ,

1092 334 1128 355 ac
1153 323 1178 355 si
1204 323 1259 355 illa
1293 322 1490 365 primodicto
1515 322 1647 362 ordint,
1680 323 1829 367 illiusque

1092 375 1241 418 capitulis
1266 375 1483 418 generalibus,
1506 375 1665 418 superiori
1685 377 1829 417 generali

1092 439 1150 471 pro
1176 434 1322 472 tempore
1360 428 1522 468 existenti,
1548 428 1701 472 illiusque
1738 439 1832 472 supe-

1092 481 1233 514 rioribus
1250 488 1279 515 et
1301 481 1453 525 personis
1478 482 1665 524 praedictis,
1687 482 1831 525 speciali-

1094 540 1144 568 ter
1168 540 1198 567 et
1223 545 1374 578 expresse
1410 534 1605 575 nominatis,
1642 535 1737 567 etiam
1773 545 1832 578 per

1093 589 1175 621 viam
1202 594 1233 621 et
1256 589 1388 621 modum
1413 588 1570 631 simplicis
1592 594 1623 621 et
1647 588 1831 622 individuae

1093 652 1129 674 ac
1153 641 1359 685 particularis
1385 641 1584 684 etspecialis
1601 642 1832 681 concessionis,

1093 695 1190 727 etiam
1206 700 1294 728 motu
1309 695 1456 738 proprio,
1470 700 1502 727 ct
1521 705 1556 727 ex
1580 696 1666 728 certa
1685 694 1831 734 seientia,

1093 758 1128 780 ac
1153 748 1192 780 de
1210 748 1407 790 apostolicae
1427 748 1598 791 potestatis
1616 748 1833 791 plenitudine,

1094 806 1149 832 aut
1189 801 1491 834 communicationis
1539 806 1571 834 et
1615 801 1834 844 ampliationis

1095 864 1251 887 concessa
1278 855 1425 894 fuissent,
1452 859 1610 898 quatenus
1636 858 1740 888 tamen
1772 855 1836 888 sint

1095 908 1128 940 in
1153 919 1214 941 usu
1241 914 1272 941 et
1296 919 1363 941 non
1389 914 1548 949 revocata,
1568 919 1627 942 nec
1647 909 1706 942 sub
1724 909 1837 952 aliqui-

1096 961 1155 993 bus
1188 961 1449 995 revocationibus
1482 963 1740 1005 comprehensa,
1775 973 1837 996 nec

1097 1015 1196 1047 sacris
1220 1016 1400 1048 canonibus
1434 1021 1487 1047 aut
1522 1010 1664 1049 decretis
1700 1016 1836 1049 Concilii

1097 1068 1276 1101 Tridentini
1302 1069 1475 1108 contraria,
1500 1070 1557 1110 uti,
1585 1070 1656 1110 frui,
1681 1070 1779 1113 potiri
1805 1076 1838 1103 et.

1099 1128 1129 1154 et
1154 1123 1296 1164 gaudere
1321 1122 1425 1156 libere
1458 1128 1489 1156 et
1521 1123 1610 1156 licite
1647 1124 1774 1167 possint
1807 1128 1839 1156 et

1097 1175 1240 1208 valeant:
1266 1175 1310 1207 ita
1335 1176 1421 1219 quod
1448 1186 1560 1209 omnes
1585 1182 1617 1210 et
1641 1176 1759 1219 singuli
1776 1176 1838 1220 pri-

1098 1229 1229 1261 modicti
1254 1229 1383 1262 Ordinis
1417 1235 1448 1262 et
1476 1230 1564 1263 illius
1599 1230 1769 1264 domorum
1793 1231 1838 1264 lo-

1099 1292 1276 1325 corumque
1301 1283 1498 1325 regularium
1523 1282 1708 1326 superiores
1726 1288 1757 1316 et
1781 1283 1839 1315 mi-

1099 1335 1191 1367 nistri
1218 1346 1422 1379 quocumque
1447 1336 1577 1370 nomine
1595 1337 1749 1379 appellati
1768 1347 1839 1370 eos-

1099 1389 1172 1421 dem
1198 1388 1336 1429 favores,
1365 1389 1484 1431 gratias
1510 1389 1704 1432 apostolicas
1726 1396 1757 1423 et
1776 1390 1840 1433 pri-

1098 1441 1224 1484 vilegia,
1251 1452 1333 1484 quae
1357 1441 1494 1474 aliarum
1510 1441 1724 1485 religionum,
1746 1442 1839 1476 Ordi-

1100 1506 1187 1535 num,
1202 1495 1507 1538 Congregationum,
1519 1495 1724 1536 Societatum,
1742 1497 1838 1530 etiam

1099 1548 1179 1589 Iesu,
1208 1549 1493 1589 monasteriorum,
1520 1556 1748 1590 conventuum,
1782 1551 1840 1584 do-

1099 1611 1224 1634 morum
1242 1607 1296 1634 aut
1313 1603 1459 1635 locorum
1478 1602 1678 1645 regularium
1695 1609 1726 1637 et
1750 1603 1839 1637 sami-

320 1653 444 1687 iteratis
469 1654 590 1687 vicibus
615 1655 781 1688 concessis
807 1656 981 1697 hactenus,
1009 1658 1057 1690 vel
1077 1642 1080 1683 Ῑ
1099 1655 1215 1688 liarum
1240 1657 1412 1698 generales
1437 1656 1631 1699 superiores,
1650 1658 1837 1701 praepositi,

319 1707 516 1741 confirmatis
547 1713 601 1741 aut
626 1709 837 1752 approbatis,
875 1715 908 1742 et
942 1709 1057 1752 quibus

1099 1708 1332 1751 provinciales,
1355 1715 1519 1750 rectores,
1545 1710 1674 1753 priores
1702 1721 1840 1744 conven-

319 1760 367 1793 illi
396 1766 459 1794 tam
483 1761 516 1794 in
541 1761 605 1794 vita
621 1773 716 1805 quam
732 1762 764 1795 in
783 1763 893 1796 mortis
909 1763 1056 1804 articulo,
1077 1756 1079 1787 Ι
1099 1764 1202 1796 tuales
1227 1768 1282 1796 aut
1306 1764 1510 1804 claustrales,
1535 1763 1728 1805 visitatores,
1747 1775 1840 1807 guar-

320 1813 418 1846 etiam
444 1814 529 1847 circa
553 1821 764 1858 peccatorum
788 1816 998 1850 remissiones
1026 1823 1057 1850 et
1077 1808 1081 1866 Ι
1100 1815 1197 1856 diani,
1222 1817 1397 1856 custodes,
1433 1822 1488 1849 aut
1527 1816 1591 1850 alio
1631 1827 1838 1861 quocumque

320 1864 536 1900 iniunctarum
546 1868 1057 1912 poenitentiarumfrelaxationes‚
1077 1869 1079 1874 '

319 1926 376 1953 aut
400 1921 478 1954 alias
511 1922 758 1964 quomodolibet
788 1923 828 1956 de
853 1923 925 1956 iure
942 1950 949 1963 ,
974 1934 1057 1965 usu,

319 1978 374 2007 aut
399 1974 569 2017 privilegio
597 1976 644 2008 vel
671 1975 907 2010 consuetudine
926 1987 1058 2020 quomo-

317 2027 443 2062 dolibet
468 2033 609 2068 utuntur,
636 2028 806 2070 fruuntur,
832 2030 1002 2073 potiuntur
1026 2036 1059 2063 et

319 2081 471 2125 gaudent,
496 2091 531 2114 ac
556 2079 612 2121 uti,
639 2081 710 2121 frui,
737 2082 833 2125 potiri
860 2087 891 2116 et
915 2083 1056 2125 gaudere

318 2139 456 2179 possunt
481 2139 512 2168 et
543 2139 701 2178 poterunt
737 2136 986 2178 quomodolibet
1024 2137 1056 2169 in

318 2188 470 2228 futurum,
495 2188 639 2231 quamvis
665 2188 720 2221 illa
744 2189 810 2222 sint
829 2189 963 2233 speciali
982 2192 1057 2223 nota

318 2241 425 2285 digna,
445 2240 651 2284 difficilisque
671 2243 900 2281 concessionis,
919 2248 949 2276 et
975 2254 1055 2286 quae

317 2293 351 2327 in
376 2294 524 2337 generali
555 2294 767 2328 concessione
800 2305 863 2328 non
897 2295 1054 2336 veniunt,

317 2357 384 2380 non
409 2348 513 2380 solum
537 2357 598 2390 per
628 2347 938 2391 partecipationem,
971 2359 1056 2382 eom-

316 2400 582 2441 municationem,
608 2400 741 2434 illorum
766 2402 1003 2443 extensionem,
1024 2407 1057 2436 et

317 2453 356 2486 ad
380 2453 513 2487 illorum
537 2454 649 2494 instar,
674 2454 730 2488 sed
755 2455 922 2498 speciatim
942 2460 974 2488 et
998 2466 1056 2488 no-

316 2507 480 2548 minatim,
505 2507 727 2551 pariPormiter
762 2514 794 2542 et
827 2519 929 2552 aeque
964 2509 1056 2552 prin-

1099 1869 1250 1910 nomine,
1279 1870 1373 1903 titulo
1410 1876 1463 1902 aut
1498 1870 1655 1913 dignitate
1691 1870 1838 1914 insigniti

1100 1923 1236 1964 liabent,
1252 1923 1411 1964 similiter,
1429 1929 1465 1956 ut
1482 1934 1588 1967 supra,
1604 1924 1763 1964 habeant,
1784 1925 1839 1957 sra-

1100 1982 1229 2019 tresque
1255 1982 1287 2009 et
1310 1987 1469 2020 personae
1496 1977 1663 2020 regulares
1679 1977 1839 2021 praedicti

1099 2029 1226 2062 Ordinis
1250 2031 1437 2072 generales,
1463 2030 1661 2073 superiores,
1686 2030 1836 2071 ministri,

1100 2088 1131 2116 ct
1155 2082 1253 2116 ceteri
1287 2082 1341 2116 alii
1357 2083 1587 2126 cuiuscumque
1605 2084 1836 2127 appellationis

1098 2136 1277 2180 praepositi
1299 2141 1329 2169 et
1346 2137 1512 2180 praesceti,
1531 2137 1564 2169 in
1589 2136 1709 2170 Ordine
1732 2138 1837 2171 liuius-

1098 2189 1186 2222 modi
1212 2199 1365 2234 expresse
1389 2189 1540 2232 professi,
1560 2190 1643 2223 etin
1669 2191 1739 2224 eius
1767 2202 1838 2234 gre-

1098 2243 1162 2276 mio
1188 2248 1219 2275 et
1243 2242 1447 2275 observantia
1470 2242 1615 2276 viventes
1632 2270 1639 2284 ,
1665 2243 1780 2278 fratres
1805 2249 1837 2278 et

1097 2306 1255 2339 personas
1290 2297 1456 2338 regulares
1488 2296 1674 2339 primodicti
1706 2296 1836 2331 Ordinis

1098 2360 1169 2382 cum
1191 2348 1381 2392 privilegiis,
1407 2349 1520 2392 gratiis
1537 2355 1569 2382 et
1587 2349 1747 2384 favoribus
1764 2362 1826 2395 apo

1097 2402 1222 2435 stolicis
1247 2401 1405 2435 Ordinum
1424 2408 1455 2435 et
1471 2402 1763 2446 Congregationum
1781 2405 1836 2438 hu-

1097 2455 1235 2489 iusmodi
1260 2461 1419 2499 perpetuo
1456 2457 1634 2491 secundum
1665 2457 1836 2492 observan-

1098 2510 1172 2542 tiam
1189 2510 1374 2552 regularem
1392 2514 1424 2543 et
1443 2510 1638 2544 canonicum
1652 2511 1835 2545 institutum

317 2559 523 2603 cipaliter,in
540 2560 689 2593 omnibus
715 2566 746 2594 et
763 2571 821 2604 per
841 2561 962 2602 omnia,
983 2561 1056 2595 abs·
1097 2562 1173 2596 dicti
1194 2573 1308 2595 eorum
1332 2562 1460 2595 Ordinis
1491 2562 1545 2596 SS.
1576 2563 1740 2597 Trinitatis
1777 2575 1831 2597 re-

317 2623 380 2658 que
402 2613 469 2646 ulla
499 2623 633 2656 prorsus
660 2613 862 2656 differentia,
895 2613 1054 2658 perinde¹

353 2677 363 2704 1
386 2675 457 2703 Edit.
478 2675 557 2704 Μαίη.
577 2676 644 2713 legit
659 2678 786 2712 proinde
806 2680 843 2713 (tt.
861 2679 910 2712 T.).

1097 2616 1294 2660 demptionis
1327 2617 1529 2661 captivorum
1564 2628 1678 2660 regere
1713 2623 1742 2651 et
1777 2628 1833 2661 gu-

1096 2670 1233 2704 bernare
1266 2675 1297 2704 et
1321 2671 1504 2714 respective
1528 2671 1657 2704 visitare
1688 2672 1832 2713 valeant,

1833 276 1885 301 Λη.
1903 274 1930 302 C.
1954 274 2021 300 1ίὶ93
