2227 3225
113 214 160 238 Au.
176 210 204 238 C.
229 209 290 236 1129!

133 905 256 926 Declaratur
268 909 301 923 re-

119 932 201 952 rum-ima
214 936 259 951 esse
270 936 303 951 re·
329 947 335 952 .

120 958 163 978 lata
185 963 254 977 omnia
276 956 302 976 ab

120 985 160 1006 hoc
174 983 283 1005 Pontinee.

151 1956 269 1979 clausulae.

152 2428 239 2450 Sanctio
257 2435 307 2456 poe·

124 2456 185 2476 utilis,

899 210 1107 233 JNNOCEN'rit's
1134 210 1178 233 XII
1203 211 1249 233 PF.

306 269 377 293 cum
402 259 547 292 eiusdem
572 259 658 292 beati
683 258 825 292 Caietani
850 268 1042 291 commemo-

306 312 430 345 ratione
455 312 649 353 celebravit,
676 312 891 356 omnibusque
916 311 1042 345 eliristi-

307 365 457 399 fidelibus
490 365 569 399 inibi
606 366 832 410 praesentibus
864 365 1042 409 plenariam

309 419 451 452 omnium
476 425 683 462 peecatorum
718 430 849 452 suorum
874 419 1044 461 indulgen-

309 471 385 504 tiam
409 477 441 504 et
465 472 692 505 remissionem
717 472 890 516 concessit.
913 472 1045 504 Visitan-

309 523 393 557 tibus
412 530 518 559 antem
540 525 720 568 quotanniS,
742 527 774 558 in
794 525 845 558 die
862 525 943 558 sesto
961 525 1045 557 eius-

310 578 383 611 dem
409 579 509 611 saneti
527 578 679 619 Caietani,
703 580 911 622 sepulchrum
929 579 962 611 in
980 589 1045 622 quo

310 631 380 664 eius
406 641 522 674 corpus
543 632 726 675 requiescit,
745 637 869 675 septem
893 642 994 665 annos
1016 637 1047 664 et

310 684 446 716 totidem
482 685 705 728 quadragenas
747 686 785 718 de
818 685 969 718 iniunctis
1000 685 1045 718 eis

311 742 364 769 aut
381 737 459 769 alias
477 737 725 780 quomodolibet
745 738 862 771 debitis
879 738 1046 781 poeniten-

312 789 364 822 tiis
395 789 647 823 misericorditer
670 791 703 823 in
729 791 863 824 Domino
892 791 1047 825 relaxavit

312 841 345 874 in
370 842 471 875 fornia
494 843 656 876 Ecclesiae
682 846 850 877 consueta.

357 895 371 938 g
397 895 449 928 ⁶25.
476 896 521 929 Ne
546 901 654 930 autem
686 897 724 930 de
758 896 900 938 decreto,
927 896 1043 930 defini-

314 952 409 988 tione,
425 949 656 993 adscriptione,
677 955 806 991 statuto,
825 951 1047 990 concessione,

312 1002 523 1042 relaxatione,
556 1003 694 1047 aliisque
720 1004 923 1046 praemissis,
949 1015 984 1037 ex
1010 1013 1048 1038 eo

314 1056 401 1098 quod
426 1066 526 1099 super
550 1056 614 1089 illis
640 1057 742 1100 ipsius
768 1057 939 1090 Clementis
959 1069 1049 1101 prae-

314 1108 492 1141 decessoris
508 1109 632 1142 litterae
651 1110 815 1142 consectae
834 1121 898 1143 non
920 1111 1046 1151 suerint,

313 1163 418 1195 valeat
441 1162 689 1205 quomodolibet.
714 1163 878 1202 liaesitari,
903 1165 1049 1196 volumus

315 1221 346 1248 et
381 1217 556 1258 apostolica
594 1216 783 1249 auctoritate
824 1217 1047 1257 decernimus,

316 1268 401 1311 quod
421 1263 770 1307 decretum,definitio,
790 1269 972 1313 adscriptio,
993 1276 1049 1303 sta-

317 1326 429 1361 tutum,
444 1321 621 1360 concessio,
636 1322 801 1360 relaxatio,
816 1322 943 1364 aliaque
962 1333 1050 1365 prae-

316 1372 411 1405 missa
426 1383 442 1404 a
456 1373 540 1405 dicta
560 1367 611 1405 die
630 1384 672 1406 xii
691 1373 802 1416 aprilis
818 1374 892 1406 anni
912 1384 1048 1408 nnctxm

316 1435 410 1457 sunm
436 1431 679 1468 consequantur
704 1425 860 1466 effectum,
887 1438 921 1459 ac
947 1427 973 1459 si
999 1438 1050 1459 su-

316 1488 374 1520 per
391 1478 454 1510 illis
469 1478 569 1520 ipsius
587 1477 762 1511 Clementis
787 1479 1049 1521 praedecessoris

316 1530 443 1564 litterae
477 1531 535 1563 sub
567 1531 675 1564 datum
707 1532 851 1564 eiusdem
878 1533 940 1565 diei
968 1543 1047 1566 con-

316 1583 418 1616 sectae
432 1583 577 1623 fuissent,
596 1589 691 1626 prout
705 1585 852 1627 superius
866 1590 1048 1626 enarratum

316 1637 466 1680 quodque
485 1643 674 1680 praesentes
694 1638 833 1679 litterae,
855 1640 892 1671 ad
911 1640 1051 1682 proban-

317 1690 390 1723 dum
416 1691 512 1733 plene
539 1691 714 1730 decretum,
741 1691 969 1731 definitionem,
1000 1694 1052 1726 ad-

316 1743 535 1786 scriptionem,
563 1748 728 1784 statutum,
755 1745 1000 1778 concessionem
1022 1752 1052 1778 et

316 1797 560 1835 relaxationem,
585 1796 710 1840 aliaque
731 1798 917 1840 praemissa,
932 1798 1050 1841 ubique

317 1849 485 1887 sufficiant,
505 1859 565 1881 nec
582 1850 619 1882 ad
644 1849 675 1881 id
693 1849 895 1892 probationis
920 1851 1051 1883 alterius

319 1901 546 1934 adminiculum
572 1902 767 1945 requiratur.

363 1953 444 1996 §26
460 1953 620 1994 Ceterum,
635 1955 708 1997 quia
727 1955 854 1989 difficile
869 1956 952 1990 soret
965 1967 1052 1999 prae.-

318 2012 426 2040 sentes
451 2012 576 2039 nostras
604 2008 728 2040 litteras
753 2008 791 2040 ad
816 2009 942 2051 singula
967 2011 1049 2050 loca,

319 2059 372 2092 ubi
398 2059 495 2102 opus¹
517 2065 613 2099 esset,
636 2060 766 2101 deferri,
781 2062 927 2093 volumus
948 2067 982 2093 ut
1002 2072 1051 2094 ea-

316 2122 387 2144 rum
406 2111 573 2155 exempliS,
586 2112 680 2144 etiam
696 2112 871 2156 impressis,
887 2124 980 2145 manu
1000 2125 1052 2156 pu-

316 2164 392 2197 blici
407 2165 523 2197 notarii
538 2164 742 2207 subscriptis,
758 2170 788 2197 et
801 2165 906 2207 sigillo
921 2165 1052 2199 alicuius

317 2227 476 2260 peisonae
501 2217 533 2249 in
558 2217 712 2259 dignitate
739 2218 956 2252 ecclesiastica
978 2230 1052 2252 con-

317 2269 448 2302 stitutae
469 2270 610 2310 munitis,
630 2270 742 2303 cadem
764 2270 883 2314 ubique
901 2271 979 2304 tides
1000 2272 1052 2304 ad-

318 2322 479 2362 hibeatur,
493 2333 574 2365 quae
590 2322 710 2355 eisdem
726 2324 951 2366 praesentibus
965 2324 1051 2356 1111111-

317 2375 448 2407 beretur
465 2375 490 2408 si
516 2380 622 2408 essent
639 2376 802 2409 exhibitae
821 2377 870 2409 vel
891 2381 1048 2410 ostensae.

362 2427 454 2470 §22
488 2428 573 2461 Nulli
607 2439 683 2470 ergo
717 2429 849 2461 omnino
881 2429 1049 2462 hominum

319 2480 415 2514 liceat
438 2481 588 2524 paginam
608 2481 691 2514 lianc
716 2481 922 2514 nostrorum‘2
939 2482 1051 2515 volun-

354 2552 367 2577 1
389 2551 460 2578 Edit.
476 2551 554 2578 Main.
571 2552 637 2586 legit
653 2560 724 2578 onus
740 2560 787 2587 pro
803 2559 872 2586 opus
887 2554 925 2586 (n.
944 2553 992 2587 T.).

354 2595 370 2622 2
389 2595 459 2622 Edit.
481 2595 561 2622 Main.
585 2596 648 2631 legit
667 2599 833 2623 nostrarum
853 2604 894 2632 tn.
915 2597 963 2631 T.).

424 2649 502 2687 ssull.
518 2649 601 2677 Rom.
613 2665 646 2668 —
667 2650 726 2677 Vot.
745 2650 802 2677 XX.
947 2649 980 2677 24

1724 200 1786 233 183

1084 258 1156 290 tatis
1182 262 1213 290 et
1239 258 1358 290 decreti
1392 258 1592 300 infringere,
1618 258 1712 301 eique
1742 269 1821 291 ausu

1085 311 1256 343 temerario
1282 310 1454 343 contraire.
1482 310 1513 342 Si
1539 310 1609 353 quis
1635 316 1740 342 autem
1761 311 1823 343 hoo

1085 369 1242 397 attentare
1267 362 1539 407 praesumpserit,
1566 362 1821 404 indignationem

1086 417 1318 460 omnipotentis
1344 416 1400 448 Dei
1425 426 1460 448 ac
1486 416 1654 448 beatorum
1680 415 1765 448 Petri
1793 421 1824 447 et

1087 470 1175 503 Pauli
1201 470 1424 513 apostolorum
1459 468 1527 502 eius
1559 479 1594 501 se
1626 468 1753 501 noverit
1777 468 1824 500 111-

1088 533 1269 556 cursurum.

1131 576 1245 608 Datum
1272 575 1403 615 Romae,
1431 575 1515 617 apud
1533 574 1563 607 S.
1580 574 1722 613 Petrum,
1739 583 1824 605 anno

1087 627 1320 661 Incarnationis
1345 627 1531 660 Dominicae
1557 636 1692 666 inoffici,
1718 626 1825 660 idibus

1088 681 1166 722 iulii,
1192 681 1400 725 pontificatus
1426 680 1529 713 nostri
1559 690 1644 713 anno
1668 690 1691 713 1.

1126 743 1185 770 Dat.
1206 743 1249 770 die
1271 743 1303 769 15
1322 742 1379 769 iulii
1400 742 1478 776 1690,
1499 741 1592 777 pontif.
1615 748 1683 768 anno
1703 747 1721 768 1.

1214 839 1264 890 ᾖ
1289 840 1376 876 EGO
1404 839 1698 875 INNOCENTIUS

1163 912 1361 936 CATIIOLICAE
1384 911 1553 936 ECCLESIAE
1579 911 1760 935 EPISCOPUS.

1281 1192 1398 1239 servs
1443 1186 1495 1245 ἐξ
1531 1197 1648 1244 sffus

1262 1249 1412 1284 peratis
1440 1244 1452 1303 ᾗ
1476 1247 1491 1303 J
1519 1254 1670 1289 murus

1253 1319 1268 1334 q
1323 1321 1379 1338 „raro
1414 1315 1479 1340 30:2⁷
1511 1329 1519 1336 ς

1325 1344 1335 1347 ν
1429 1345 1437 1353 κ

1092 1769 1110 1805 †
1132 1768 1190 1806 Ego
1212 1767 1375 1797 Alderanus
1397 1765 1551 1805 episcopus
1575 1764 1717 1796 Ostiensis
1739 1764 1833 1794 cardi-

1172 1816 1246 1846 nalis
1268 1815 1354 1854 Cybo.

1093 1865 1189 1903 †E30
1210 1864 1327 1894 Flavius
1357 1863 1511 1902 episcopus
1540 1862 1710 1891 Portuensis
1739 1862 1833 1891 cardi-

1172 1914 1247 1943 nalis
1268 1913 1392 1942 Cliisius.

1093 1966 1110 2001 †
1132 1963 1189 2001 Ego
1212 1961 1331 1991 Iacobus
1355 1961 1507 1999 episcopus
1529 1959 1754 1989 Tusculanensis
1772 1969 1832 1990 car-

1172 2010 1278 2042 dinalis
1299 2010 1478 2039 Fransonus.

1093 2062 1110 2097 ³(
1131 2059 1189 2097 Ego
1210 2058 1343 2088 Palatius
1370 2058 1525 2097 episeopus
1548 2056 1716 2087 Sabinensis
1739 2057 1833 2087 cardi-

1173 2107 1246 2136 nalis
1269 2108 1303 2136 de
1326 2106 1444 2136 Alteriis
1466 2106 1494 2135 S.
1520 2106 1554 2135 R.
1579 2105 1610 2134 E.
1641 2106 1830 2137 camerarius,

1093 2160 1110 2195 1¹·
1132 2157 1189 2195 Ego
1212 2157 1242 2185 F.
1269 2156 1345 2185 titali
1368 2156 1396 2184 S.
1421 2155 1527 2184 Mariae
1556 2155 1585 2184 in
1610 2154 1659 2184 via
1682 2154 1832 2194 presbyter

1173 2203 1331 2233 cardinalis
1354 2203 1574 2232 lllaidalcliinus.

1093 2255 1110 2290 †
1131 2253 1189 2291 Ego
1211 2252 1330 2282 Carolus
1362 2252 1438 2281 tituli
1461 2251 1489 2281 S.
1508 2251 1656 2281 Laurentii
1671 2251 1700 2281 in
1723 2251 1830 2282 Lucina

1173 2301 1323 2340 presbyter
1345 2300 1501 2330 cardinalis
1523 2300 1710 2330 Barberinus.

1092 2352 1110 2387 †
1131 2350 1190 2388 Ego
1218 2349 1354 2378 Nicolaus
1386 2348 1463 2377 tituli
1491 2347 1519 2378 S.
1544 2347 1652 2377 Calixti
1681 2347 1830 2388 presbyter

1172 2397 1329 2427 cardinalis
1347 2396 1522 2426 Acciaiolus.

1092 2449 1109 2485 †
1130 2447 1189 2485 Ego
1212 2446 1321 2485 Gaspar
1343 2445 1420 2475 tituli
1441 2445 1468 2474 S.
1485 2444 1590 2474 Mariae
1612 2444 1829 2483 Transtyberim

1171 2494 1321 2534 presbyter
1343 2493 1499 2523 cardinalis
1522 2493 1692 2532 Carpineus.

1093 2546 1110 2581 †
1130 2543 1189 2582 Ego
1210 2542 1314 2573 Caesar
1336 2542 1414 2572 tituli
1435 2541 1484 2572 SS.
1508 2541 1659 2571 Trinitatis
1680 2541 1710 2570 in
1733 2540 1828 2571 Monte

1172 2592 1272 2622 Pincio
1294 2591 1444 2632 presbyter
1466 2591 1621 2620 cardinalis
1643 2590 1798 2620 d⁷EstreLes.

1834 210 1881 238 An.
1903 209 1930 236 C.
1951 209 2010 236 11191
