2227 3225
102 251 149 279 Λιι,
171 253 200 277 Γ..
223 253 287 280 1094

289 302 328 334 de
367 302 574 335 Observantia
622 307 879 345 nuncupatorum
925 312 1021 344 quam

289 354 425 388 aliorum
450 355 648 388 diversorum
671 356 825 388 Ordinum
852 356 973 394 fratres,
990 354 1021 386 in

289 407 396 449 regnis
436 408 607 452 utriusque
642 408 798 441 Castellac
838 409 1020 447 existentes,

287 470 344 492 sua
367 461 504 503 capitula
521 461 731 505 provincialia
748 472 818 494 eum
837 462 1022 493 interventu

288 513 494 554 superiorum
520 514 669 547 localium
694 519 909 547 eonvenuuun
933 513 1024 546 Ordi-

290 575 366 598 num
404 567 591 599 huiusmodi
628 568 749 610 absque
786 567 934 600 discretis
967 576 1022 598 seu

290 619 405 658 sociis,
432 620 484 663 qui
512 621 590 653 olim
624 622 662 653 ab
698 621 776 663 ipsis
811 619 1024 653 conventibus

289 672 328 705 ad
369 672 517 706 effectum
553 684 610 706 sua
646 672 797 716 sutl‘ragia
834 672 958 705 serendi
991 672 1041 714 in¹

290 725 411 759 eisdem
452 727 600 769 capitulis
644 727 719 769 eligi
764 731 1022 765 consueverant,

291 784 364 812 tunc
397 780 555 813 celebrari
581 780 760 821 ⁸solebant·y
788 779 818 811 id
844 779 1024 822 siquidem,

288 838 517 876 praeterquam
542 834 626 877 quod
652 833 789 867 decretis
807 832 943 866 Concilii
959 831 1026 863 Tri-

288 885 423 926 dentini,
450 897 531 918 sess.
557 897 623 925 xxv,
650 896 721 929 cap.
751 896 792 926 Vt,
819 885 887 917 ibi:
921 898 935 914 «
962 884 1026 917 Nec

289 939 321 971 in
343 945 508 982 posterum
526 939 621 972 liceat
641 938 871 982 p1·ovincialeS‚
894 942 947 970 aut
964 937 1023 969 ab·

288 992 378 1026 bates
403 992 544 1035 priores,
571 997 625 1025 aut
649 992 729 1025 alios
746 1002 970 1035 quoscumque
989 991 1027 1023 ti-

289 1046 410 1078 tulares
433 1046 470 1079 ad
497 1045 646 1078 etl'ectum
673 1045 841 1078 electionis
860 1044 1026 1078 faciendae

289 1098 500 1138 constituere,
516 1104 578 1131 etc.
599 1111 626 1138 ι»,
641 1099 743 1141 magis
762 1098 932 1132 conforme
943 1097 1028 1130 vide-

288 1151 399 1190 batum
427 1151 645 1184 necessarium
671 1162 801 1195 quoque
826 1156 1025 1195 compertum

289 1205 396 1237 suerat
421 1209 486 1237 tum
519 1205 558 1237 ad
584 1205 728 1238 tollenda
764 1205 881 1237 damna
917 1209 948 1236 et
979 1204 1027 1236 in-

288 1258 478 1298 commoda,
503 1268 587 1301 quae
624 1268 661 1290 ex
687 1258 880 1290 eorumdem
905 1257 1027 1289 discre-

289 1316 395 1342 torum
422 1321 479 1343 seu
511 1311 672 1344 sociorum
698 1311 858 1343 electione
895 1311 927 1343 in
952 1311 1027 1343 reli-

289 1364 399 1405 giosae
425 1364 515 1406 pacis
541 1369 572 1396 et
595 1364 801 1403 concordiae,
820 1374 903 1406 quae
922 1363 954 1396 in
974 1363 1026 1396 Or-

287 1417 418 1450 dinibus
443 1416 617 1460 praedictis
634 1427 764 1460 semper
781 1417 897 1450 florere
915 1416 1026 1456 debet,

288 1470 527 1512 praeiudicium
551 1469 774 1513 proveniebat,
802 1474 868 1502 tum
895 1470 933 1502 ad
969 1469 1026 1502 im-

286 1523 465 1566 pediendas
501 1523 744 1563 relaxationes,
788 1533 866 1566 quas
903 1523 1024 1566 depen-

287 1576 408 1616 dentia,
446 1586 544 1619 quam
582 1580 658 1608 tunc
696 1576 882 1619 superiores
917 1587 935 1609 a
958 1577 1023 1609 suis

285 1629 425 1663 subditis
465 1629 661 1670 habebant,
697 1630 920 1673 producebat;
962 1630 1022 1673 ipsi

286 1683 372 1717 enim
397 1682 597 1726 superioreS,
633 1688 668 1715 ut
703 1683 807 1716 dictos
842 1694 917 1716 suos
949 1683 1024 1716 sub-

285 1736 370 1769 ditos
394 1746 453 1779 pro
489 1735 528 1768 iis
565 1736 597 1768 in
633 1736 793 1769 discretos
827 1747 882 1769 seu
917 1737 1021 1770 socios

285 1789 469 1822 huiusmodi
495 1788 667 1831 eligendis,
693 1799 787 1832 quos,
809 1789 848 1822 ad
873 1789 1021 1823 effectum

284 1853 318 1874 se
344 1847 503 1885 perpetuo
540 1852 671 1874 suarum
696 1842 935 1885 provinciarum
966 1854 1022 1886 gu-

284 1895 398 1928 bernio
423 1895 638 1936 confovendi,
664 1896 740 1938 eligi
774 1906 907 1929 necesse
933 1903 1020 1938 erat,

284 1948 463 1981 benevolos
488 1947 658 1988 haberent,
683 1948 841 1991 regularIS
878 1949 1022 1993 discipli-

284 2011 344 2034 nae
369 2001 632 2040 conservationi,
661 2007 759 2044 prout
789 2012 899 2034 eorum
925 2003 1020 2036 ossicii

285 2059 366 2094 erat,
390 2054 580 2087 incumbere
602 2055 829 2097 negligebant,
857 2056 1020 2098 quocirca,

283 2106 410 2150 quoties
428 2107 588 2139 dictorum
606 2117 783 2149 regnorum
800 2108 956 2151 religiosi,
975 2120 1021 2143 re-

282 2161 404 2202 gularis
440 2160 634 2203 disciplinae
660 2161 846 2194 huiusmodi
883 2163 1020 2196 tuendae

283 2214 355 2246 zelo
381 2213 480 2251 ducti,
505 2213 544 2245 ad
570 2213 674 2256 ipsius
700 2213 806 2247 Caroli
841 2215 927 2257 regis
966 2227 1021 2258 pa-

283 2266 457 2299 trocinium
482 2276 542 2309 pro
572 2267 765 2299 eorumdem
805 2267 1019 2302 discretorum

282 2329 337 2351 seu
359 2319 524 2351 sociorum
542 2319 754 2362 abrogatione
772 2321 810 2352 ab
829 2321 887 2352 hae
905 2321 1020 2354 Sancta
1039 2361 1040 2367 ἵ

281 2371 363 2405 Sede
380 2372 584 2415 impetranda
603 2373 826 2415 confugerant,
843 2374 923 2407 illud
938 2386 1020 2407 sem-

281 2435 340 2468 per
364 2425 410 2458 eis
434 2426 589 2465 adsuerat,
615 2426 719 2459 donec
744 2427 928 2460 huiusmodi
947 2438 1018 2470 gra-

281 2479 358 2510 tiam
384 2478 550 2511 consecuti
581 2478 741 2519 suissent;
781 2486 812 2512 et
842 2480 874 2512 in
904 2481 1017 2514 eadem

281 2530 482 2574 expositione
507 2531 688 2572 subiuncto,
715 2534 803 2576 quod
832 2533 935 2566 dictus
962 2534 1017 2567 Ca-

279 2585 367 2621 rolus
391 2594 444 2617 rex
481 2584 601 2617 certior
626 2586 727 2618 sactus
765 2586 871 2619 suerat
901 2587 1015 2620 fratres

279 2638 408 2671 Ordinis
433 2637 592 2671 Minorum
617 2637 761 2672 eiusdem
787 2639 889 2672 sancti
918 2640 1016 2673 Fran-

869 254 1075 277 nwocnarus
1100 254 1141 275 xii
1167 254 1213 276 ru.
1699 247 1762 278 ΜΓ»

1063 300 1140 333 cisci
1164 301 1444 345 Cappuecinormn
1475 308 1732 344 nuncupatorum
1766 304 1796 335 in

1063 355 1171 397 regnis
1196 355 1368 398 praedietis
1398 355 1573 387 existentes<
1600 366 1664 387 non
1700 357 1797 388 modo

1063 409 1175 440 cadem
1200 409 1407 441 incommoda
1426 414 1457 441 et
1476 408 1602 448 daiuna,
1623 419 1703 451 quae
1721 409 1796 441 olim

1064 461 1207 503 religiosi
1232 461 1369 494 aliorum
1394 461 1550 504 Ordinum
1580 462 1798 504 prael'atoriun

1065 524 1100 545 ex
1127 514 1287 547 electione
1313 514 1529 547 discretorum
1554 524 1607 546 seu
1638 514 1798 547 sociorum

1066 566 1248 600 huiusmodi
1275 568 1400 611 experti
1427 568 1565 608 fuerant,
1588 567 1665 611 pati,
1690 568 1744 600 sed
1771 573 1801 600 et

1065 619 1127 652 alia
1163 621 1264 653 multa
1300 631 1507 661 concurrere,
1533 622 1678 664 'propter
1718 632 1799 664 quae

1067 672 1179 705 fratres
1204 674 1364 716 praedicti
1390 685 1481 706 usum
1513 675 1654 716 eligendi
1682 675 1801 707 diserc-

1067 731 1115 758 tos
1140 732 1193 759 aut
1217 727 1322 760 socios
1346 727 1531 771 praedictos
1569 728 1600 760 in
1626 728 1801 771 provinciis

1067 779 1226 812 dictorum
1251 790 1425 822 regnorum
1451 780 1599 823 abrogari
1630 781 1800 824 pluriunuu

1067 832 1301 872 desideralnmt,
1329 833 1478 877 adeoque
1503 833 1605 877 ipsius
1631 833 1735 867 Caroli
1754 845 1803 866 re-

1067 888 1114 930 gis
1138 888 1241 920 zelum
1276 888 1507 928 sollicitabant,
1533 894 1567 920 ut
1606 889 1802 932 apostolieae

1067 941 1206 984 desuper
1231 942 1430 974 auctoritatis
1459 947 1589 974 nostrae
1623 947 1732 985 partes
1758 942 1804 974 in-

1068 994 1194 1037 terponi
1221 994 1368 1028 similiter
1392 1000 1538 1027 curaret:
1559 1006 1629 1034 nos,
1648 995 1803 1038 supplica-

1069 1047 1208 1080 tionibus
1248 1048 1391 1080 eiusdem
1421 1048 1525 1081 Caroli
1558 1048 1644 1090 regis
1671 1048 1802 1080 nonum¹

1068 1101 1161 1133 nobis
1182 1112 1282 1144 super
1307 1102 1369 1133 lioc
1390 1102 1558 1134 humiliter
1578 1102 1738 1144 porrectis
1760 1102 1804 1133 in-

1068 1153 1193 1191 clinati,
1219 1154 1378 1186 discretos
1403 1154 1588 1197 praedictos
1614 1154 1646 1186 in
1671 1154 1805 1197 provin-

1068 1205 1124 1238 ciis
1147 1205 1314 1250 utriusque
1330 1206 1485 1240 Castellac
1507 1208 1638 1239 fratrum
1659 1207 1733 1240 dicti
1748 1207 1805 1239 Or-

1068 1258 1151 1290 dinis
1167 1258 1458 1301 Cappueeinorum,
1474 1260 1534 1291 sub
1552 1259 1648 1292 certis
1665 1259 1759 1292 modo
1774 1265 1805 1291 et

1068 1310 1169 1343 forma
1186 1316 1261 1343 tunc
1279 1311 1450 1354 expressis,
1469 1312 1661 1344 auctoritate
1677 1317 1805 1355 aposto-

1067 1363 1129 1396 liea
1149 1365 1338 1396 sustulimus
1364 1370 1391 1396 et
1423 1365 1633 1405 removimuS,
1658 1371 1689 1397 et
1710 1366 1802 1405 alias,

1066 1422 1165 1459 prout
1189 1417 1221 1449 in
1243 1417 1359 1450 nostris
1384 1417 1417 1449 in
1443 1417 1539 1450 simili
1566 1418 1671 1450 forma
1693 1419 1804 1451 Brevis

1067 1469 1117 1501 die
1142 1480 1213 1502 xrix
1238 1470 1344 1503 martii
1370 1480 1518 1504 nocxcut
1545 1471 1684 1514 desuper
1713 1482 1805 1514 expe-

1066 1522 1139 1555 ditis
1157 1523 1274 1555 litteris
1293 1523 1422 1566 plenius
1439 1524 1633 1556 continetur.
1656 1524 1801 1557 Subinde

1066 1585 1141 1608 vero
1176 1587 1235 1618 pro
1262 1582 1353 1619 parte
1390 1577 1538 1609 eiusdem
1576 1577 1681 1610 Caroli
1719 1578 1804 1618 regis

1065 1628 1156 1661 nobis
1182 1629 1300 1662 iterum
1326 1630 1494 1672 exposito,
1521 1631 1606 1673 quod
1642 1630 1673 1663 in
1711 1641 1804 1674 prae-

1065 1682 1136 1714 fatis
1161 1683 1280 1715 nostris
1308 1683 1423 1715 litteris
1445 1683 1542 1715 trium
1562 1683 1802 1726 provinciarum

1065 1745 1240 1777 regnorum
1265 1736 1433 1779 utriusque
1459 1735 1615 1769 Castellac
1641 1737 1717 1769 dieti
1750 1738 1804 1770 Or-

1064 1788 1148 1821 dinis
1185 1788 1474 1832 Cappuccinorum,
1503 1800 1620 1832 nempe
1645 1789 1801 1824 Castellae

1063 1842 1184 1875 Veteris
1221 1848 1252 1875 et
1285 1842 1392 1875 Novae
1424 1848 1647 1886 nuncupatae,
1674 1854 1802 1877 necnon

1063 1895 1210 1929 Baeticae
1237 1901 1268 1929 et
1291 1895 1449 1929 Navarrae
1474 1896 1728 1939 provinciarum,
1756 1897 1802 1929 di-

1063 1948 1179 1980 stincta
1204 1953 1236 1981 et
1271 1959 1422 1992 expressa
1459 1949 1700 1982 mentio-saeta
1734 1960 1800 1982 non

1063 2001 1177 2041 suerat,
1203 2001 1350 2044 quinimo
1376 2012 1436 2034 nee
1463 2002 1495 2034 in
1522 2002 1645 2034 eisdem
1682 2002 1800 2035 litteris

1062 2054 1227 2097 provisum
1254 2054 1367 2095 suerat,
1393 2056 1490 2098 quod,
1514 2056 1586 2088 loco
1604 2056 1800 2099 supradicto·

1063 2118 1133 2140 rum
1159 2107 1375 2140 discretorum
1401 2109 1685 2147 conventualium,
1717 2109 1800 2142 sicut

1063 2160 1282 2202 praemittitur
1306 2160 1508 2192 sublatorum
1533 2166 1796 2201 ‹at-remotorum,

1063 2224 1121 2257 pro
1147 2218 1294 2256 tempore
1315 2213 1487 2246 existentes
1512 2215 1698 2247 earumdem
1723 2226 1799 2258 pro-

1062 2267 1241 2300 vinciarum
1266 2266 1455 2300 definitores
1481 2273 1513 2299 et
1537 2269 1699 2308 custodes,
1723 2280 1798 2302 nec-

1061 2331 1125 2353 non
1149 2320 1176 2353 is
1200 2321 1334 2360 saltem,
1370 2320 1424 2363 qui
1457 2321 1632 2354 novissime
1662 2322 1695 2354 in
1732 2322 1797 2355 illis·

1061 2373 1311 2417 provincialatus
1337 2373 1443 2406 officio
1469 2374 1651 2417 respective
1668 2375 1795 2408 functus

1061 2429 1172 2467 tuerat,
1198 2427 1230 2459 in
1257 2438 1366 2460 earum
1385 2427 1577 2460 delinitoriis
1598 2434 1630 2461 et
1646 2429 1794 2471 capitulis

1060 2481 1310 2524 provincialibus
1333 2485 1441 2513 votum
1459 2491 1514 2513 seu
1535 2480 1720 2524 suffragium
1746 2493 1795 2515 re-

1060 2534 1201 2577 spective
1238 2533 1360 2566 babere
1387 2534 1556 2574 deberent,
1584 2535 1794 2577 quemadmo-

1060 2589 1136 2620 dum
1161 2587 1228 2630 ipse
1249 2588 1381 2620 Carolus
1398 2598 1465 2627 rex,
1482 2598 1542 2629 pro
1560 2589 1717 2631 peculiari
1736 2600 1792 2622 suo

1059 2641 1090 2672 in
1116 2640 1267 2673 Ordinem
1294 2641 1495 2684 praedictum
1522 2642 1700 2675 devotionis
1719 2642 1793 2675 alle-

1810 256 1859 280 An.
1876 254 1902 280 tl.
1923 257 1942 279 u
1955 254 1989 279 ot
