2227 3225
108 205 155 228 An.
177 201 203 228 (3.
225 202 289 228 113¹*ss

123 1532 233 1552 neci-utum
242 1537 292 1551 nun-

123 1558 134 1561 ⁴'
179 1558 291 1583 apostolici

109 1590 146 1610 pro
166 1585 290 1604 executione

110 1611 223 1631 relatorum
255 1618 276 1631 «i

109 1640 223 1658 crewrum.

894 193 1099 215 ivxotttWTtt's
1127 194 1166 216 ΥΠ
1193 194 1237 216 PP.

1712 190 1772 220 7³7
1821 198 1867 223 Ant
1891 198 1916 223 ⁴1.
1940 197 2002 222 iffi&

304 253 414 282 sancto
434 246 516 290 patri
532 241 895 284 Fi‘ancisco¹g1·ati‚pro
909 242 940 273 S.
954 241 1036 272 RE.
1057 247 1059 260 ¹
1082 239 1348 274 Conventualimn
1374 244 1473 275 sancti
1501 244 1672 283 Francus-i,
1690 246 1720 277 in
1742 246 1814 278 visi-

303 308 335 335 et
364 299 437 333 fidei
463 297 643 331 catholicae
669 295 893 332 incremento,
922 292 1037 326 beatis-

302 354 372 387 simi
390 351 509 386 Summi
535 349 699 384 Pontificis
725 347 904 381 Innocentii
922 346 975 379 Xll
997 346 1039 379 se-

302 407 355 440 lici
377 403 638 443 conservatione,
657 402 742 435 inter
766 400 930 445 principes
951 399 1038 432 chri-

302 458 426 492 stianos
461 467 540 501 pace
577 462 609 490 et
648 454 841 495 concordia,
876 462 1038 486 armorum

303 511 556 544 christianorum
591 504 761 547 felicitate,
789 511 901 541 contra
926 505 1039 538 inside-

303 568 348 600 les
373 565 520 606 victoria,
549 564 647 597 totius
672 563 754 597 sacri
779 561 913 605 Collegii
939 561 1040 605 Apos-

304 618 407 658 tolici,
421 622 450 650 et
469 617 645 661 praecipue
665 614 994 649 eminentissimorum
1010 618 1041 646 et

304 670 650 705 reverendissimorum
669 669 872 703 dominorum
891 667 922 700 S.
946 667 982 699 R.
1003 666 1037 699 Ε.

305 724 518 758 cardinalium
550 722 652 756 Gliisii
682 721 811 755 Ordinis
837 719 1039 765 protectoris,

303 783 335 811 et
359 778 399 812 de
424 778 547 811 Laurea
567 776 714 810 eiusdem
731 775 862 808 Ordinis
888 773 1041 817 splendo-

303 831 348 864 ris
375 836 407 864 et
431 830 621 870 mecenatis,
647 829 856 871 omniumque
880 826 911 860 S.
939 827 974 859 R.
1003 825 1037 858 E.

303 884 534 927 praelatorum,
548 888 579 916 et
592 882 764 926 praecipue
782 879 990 914 illustrissimi
1010 883 1040 912 et

304 936 564 970 reverendissimi
594 934 716 968 domini
742 933 846 967 nuntii
872 932 1039 977 apostolici

304 991 408 1023 salute
433 994 466 1023 et
490 988 657 1030 felicitate,
676 998 713 1021 ac
731 987 826 1021 etiam
843 997 903 1030 pro
922 997 973 1019 me
996 986 1040 1018 in-

303 1044 402 1086 digno
427 1053 537 1076 sacrae
568 1041 738 1085 religionis
767 1040 917 1074 ministro
944 1049 1040 1083 gene-

303 1095 362 1129 rali
385 1095 516 1129 devotas
533 1095 599 1129 Deo
616 1105 730 1138 preces
755 1093 912 1127 offerant:
934 1093 966 1126 in
988 1103 1040 1125 cu-

308 1148 355 1182 ius
381 1149 513 1182 nomine
540 1158 654 1182 omnes
687 1148 786 1181 totius
811 1147 917 1181 cordis
942 1146 1041 1179 visce-

305 1202 394 1235 ribus
430 1207 463 1235 et
493 1202 620 1235 sincera
654 1199 831 1234 dilectione
866 1205 898 1233 et
930 1210 1039 1232 amore

303 1255 545 1289 benedicimus.
579 1254 614 1287 ln
638 1253 745 1294 fidem,
778 1259 839 1287 etc.
866 1253 981 1286 Datum
1007 1253 1039 1285 in

303 1313 412 1342 nostro
430 1311 590 1341 conventu
609 1307 816 1347 Lucernensi,
834 1307 885 1339 die
903 1312 935 1339 et
954 1316 1039 1339 anno

303 1360 512 1405 supradictis.
540 1360 651 1392 Frater
675 1359 788 1392 losepu
813 1359 914 1392 Manis
946 1359 1041 1391 mini-

302 1420 370 1447 ster
394 1413 568 1456 generalis.
597 1412 709 1445 Frater
725 1412 830 1446 lucius
846 1413 983 1445 Fonsssr1
1001 1412 1039 1444 de

302 1467 446 1500 Venetiis
457 1466 652 1499 secretarius
668 1465 1038 1499 etassistensOrdinis».

346 1519 491 1553 Subinde
516 1529 592 1552 vero
618 1518 814 1552 venerabilis
839 1519 938 1551 frater
963 1518 1041 1551 Mar-

303 1574 405 1607 cellus
430 1572 700 1616 archiepiscopus
726 1572 942 1614 Athenarum,
967 1577 1041 1604 tunc

285 1621 459 1670 'temporis
496 1631 608 1659 noster
643 1636 680 1659 ac
715 1625 805 1658 Sedis
836 1625 1040 1668 Apostolicae

305 1679 335 1712 in
351 1679 494 1713 dominio
513 1679 734 1713 Helvetiorum
752 1684 782 1712 et
800 1679 1040 1712 Rhaetaeorum

305 1731 452 1775 nuncius,
466 1742 525 1776 pro
541 1732 747 1765 decretorum
766 1732 953 1765 huiusmodi
968 1743 1042 1765 exe-

306 1784 435 1817 cutione
469 1789 501 1817 et
532 1784 739 1818 observantia
771 1795 862 1817 suum
895 1785 1042 1817 ediderat

306 1837 473 1870 decretum
498 1837 619 1870 tenoris
644 1838 820 1881 sequentis,
846 1838 1017 1872 videlicet:

355 1902 368 1922 α
393 1889 564 1924 Marcellus
591 1890 630 1924 de
664 1890 739 1923 Aste
773 1895 804 1924 et
836 1891 1041 1934 Apostolicae

305 1944 398 1978 Sedis
428 1944 531 1987 gratia
561 1944 735 1988 episcopus
765 1944 984 1985 Athenarum,
1011 1950 1042 1978 et

306 1996 500 2030 sanctissimi
527 1996 650 2030 domini
671 1996 773 2030 nostri
794 1997 972 2030 Innocentii
999 1998 1043 2030 di—

305 2050 380 2083 vina
403 2049 604 2093 providentia
622 2049 727 2094 Papae
752 2049 804 2082 Xll
829 2050 1040 2094 eiusdemque

304 2104 441 2137 Sanctae
477 2102 568 2136 Sedis
605 2103 644 2136 ad
681 2103 846 2136 Helvetios
876 2109 907 2137 et
938 2104 1042 2138 Rhae-

307 2162 421 2198 taeos,
447 2166 626 2200 eorumque
660 2156 808 2190 subditos
833 2162 865 2190 et
891 2158 1042 2191 consede-

307 2215 406 2251 ratos,
432 2219 561 2257 necnon
586 2209 625 2242 ad
650 2209 939 2252 Constantiensem‚
960 2212 1042 2245 Basi-

306 2263 455 2304 liensem,
468 2261 667 2304 Curiensem,
681 2262 903 2297 Sedunensem
918 2269 949 2297 et
967 2265 1043 2297 Lau-

307 2326 481 2350 sanensem
506 2315 650 2349 civitates
676 2321 708 2350 et
732 2316 898 2350 dioeceses
914 2327 984 2350 eum
1003 2319 1042 2351 sa-

308 2371 425 2403 cultate
450 2369 547 2412 legati
574 2369 614 2402 de
640 2370 740 2403 latere
766 2370 916 2411 nuncius,
938 2376 996 2404 etc.

351 2434 365 2454 i>
383 2421 459 2456 Cum
477 2422 767 2456 reverendissimus
783 2428 876 2466 pater
890 2424 1041 2466 magister

307 2474 464 2518 Iosephus
488 2475 586 2507 Maria
611 2475 731 2508 Bottari
753 2476 792 2509 de
811 2476 963 2517 Venetiis,
982 2478 1039 2510 mi-

307 2528 411 2561 nister
430 2527 592 2570 generalis
609 2528 708 2561 totius
726 2527 855 2562 Ordinis
879 2528 1038 2563 Minorum

341 2590 355 2616 1
377 2588 446 2616 Edit.
467 2588 545 2616 Main.
565 2589 630 2625 legit
648 2591 801 2619 Francisci
820 2592 859 2627 (R.
880 2593 929 2626 τ.).

383 2643 462 2671 Bull.
478 2643 559 2672 Rom.
575 2659 607 2664 —
628 2644 687 2672 Vol.
704 2645 763 2673 XX.
908 2645 942 2673 93

1082 293 1202 326 tatione
1227 293 1411 336 provinciae
1439 295 1631 337 Argentinae
1657 303 1684 330 et
1715 299 1745 330 in
1765 309 1814 332 ca-

1081 345 1183 387 pitulo
1222 346 1412 390 provinciali
1449 348 1613 381 Lucci-nac
1650 350 1813 383 celebrato

1080 400 1288 442 retroscripta
1303 400 1442 441 decreta,
1457 401 1677 435 ordinationes
1695 408 1727 435 et
1744 414 1814 437 con·

1081 451 1262 485 stitutiones
1289 454 1411 493 fecerit,
1437 465 1517 498 quac
1542 465 1612 487 cum
1639 465 1696 488 nos
1721 457 1816 490 etiam

1082 506 1264 539 conformes
1290 517 1454 540 sacrorum
1490 518 1647 541 canonum
1675 514 1707 542 et
1731 520 1817 543 sera-

1082 558 1168 601 phici
1190 559 1316 592 Ordinis
1341 561 1440 593 sancti
1467 561 1628 594 Francisci
1661 562 1818 594 constitu-

1083 611 1204 645 tionum
1230 613 1458 656 invenerimus,
1487 615 1567 647 adeo
1591 620 1626 646 ut
1649 625 1761 648 omnes
1787 621 1818 647 et

1083 666 1230 708 singulae
1265 668 1304 699 ab
1329 667 1490 708 omnibus,
1517 669 1555 700 ad
1583 679 1665 712 quos
1692 674 1819 712 spectat

1059 730 1061 743 2
1083 725 1116 752 et
1139 721 1170 752 in
1197 720 1336 753 futurum
1354 731 1411 763 pro
1439 727 1585 764 tempore
1612 723 1816 766 expectabit,

1083 772 1315 805 inviolabiliter
1341 774 1486 806 volumus
1521 780 1555 806 ut
1581 775 1815 808 obsei·v‹t=.ntnr:

1083 835 1135 857 eas
1152 830 1327 869 propterea
1353 827 1545 860 auctoritate
1569 839 1631 871 qua
1657 828 1819 871 fungimur

1083 879 1258 921 apostolica
1286 880 1372 912 omni
1399 880 1527 913 meliori
1549 881 1644 914 modo
1664 882 1818 915 corrobo-

1082 936 1189 964 rantes
1215 937 1246 964 et
1270 932 1512 966 confirmantes.
1532 933 1565 966 ln
1587 943 1733 976 quorum,
1756 939 1816 967 etc.

1083 985 1193 1018 Datum
1205 986 1378 1026 Lacernae,
1387 997 1463 1020 xxiii
1475 988 1660 1020 novembris
1672 997 1818 1022 MDCKGW.

1080 1060 1125 1064 —
1138 1039 1175 1071 ll.
1189 1039 1451 1083 archiepiscopus
1467 1041 1666 1073 Athenarum
1681 1041 1818 1073 nuncius

1082 1093 1291 1137 apostolicus.
1312 1094 1448 1127 losivnes
1470 1094 1632 1127 Aivromrs
1647 1095 1821 1138 ,Rusconus

1082 1148 1303 1188 cancellaiius,
1323 1154 1384 1180 etc.
1412 1160 1442 1181 n.

1126 1201 1163 1233 Et
1194 1201 1331 1244 proinde
1360 1212 1419 1245 pio
1448 1207 1540 1245 parte
1567 1203 1724 1236 dictorum
1756 1203 1819 1236 sra-
1870 1217 1913 1237 ni
1919 1223 1948 1236 ιιι
1977 1217 2013 1235 t-

1085 1260 1168 1286 tium
1205 1255 1389 1298 praedictae
1430 1255 1683 1298 C(›ng1·‹·ga1ioni
1721 1249 1876 1290 cardi-12
1855 1245 1986 1289 iai'r
1991 1252 2013 1288 ιῖ

1984 1303 2012 1315 ,,,.

1083 1308 1201 1341 nalium
1238 1308 1418 1351 supplicato
1455 1314 1489 1340 ut
1525 1310 1638 1341 eadem
1676 1297 1922 1349 decreta,tiicp'1'''''cv

1083 1361 1203 1404 quippe
1235 1371 1316 1404 quae
1353 1372 1368 1393 a
1405 1362 1598 1404 quibusdam
1627 1362 1659 1394 in
1691 1352 1877 1396 conti-‘³''o-‘
1875 1350 2001 1372 ‘¹¹''r'v'm'

1082 1414 1218 1447 versiam
1244 1414 1349 1446 vocari
1377 1425 1472 1457 posse
1504 1415 1704 1454 dnhitffinnnt
1733 1416 1822 1448 simi-

1083 1467 1158 1500 liter
1174 1466 1402 1500 confirmaret:
1423 1467 1505 1500 dicta
1523 1468 1739 1510 Congregatio
1758 1479 1823 1501 car-

1084 1520 1238 1553 dinalium
1264 1530 1323 1563 per
1344 1531 1436 1553 suum
1454 1520 1566 1554 itidem
1584 1521 1753 1554 decretum
1771 1522 1822 1554 die

1082 1583 1113 1606 x1
1145 1573 1339 1616 septembris
1370 1573 1515 1616 proxime
1541 1574 1709 1616 praeteriti
1735 1584 1822 1607 ema-

1084 1632 1203 1667 natum,
1229 1627 1337 1660 audito
1364 1626 1485 1660 dilecto
1511 1626 1578 1660 silio
1608 1633 1822 1670 procuratore

1084 1681 1228 1723 generali
1253 1680 1382 1713 Ordinis
1408 1680 1597 1723 supradicti,
1632 1685 1663 1713 et
1687 1682 1820 1714 attentis

1084 1733 1233 1774 narratis,
1259 1733 1394 1776 petitam
1414 1732 1697 1766 confirmationem
1716 1734 1824 1766 fratri-

1085 1787 1144 1819 bus
1170 1785 1347 1830 praedictis
1372 1786 1514 1829 benigne
1540 1787 1714 1820 concessit.

1128 1841 1142 1884 ἓ
1167 1840 1197 1873 2.
1225 1839 1301 1873 Cum
1328 1846 1446 1880 autem,
1474 1841 1557 1873 sicut
1583 1841 1681 1874 iidem
1708 1842 1821 1875 fratres

1084 1894 1177 1926 nobis
1203 1894 1412 1937 postmodum
1439 1894 1557 1937 exponi
1577 1895 1733 1936 secel-,unt
1759 1896 1823 1939 ipsi

1084 1947 1285 1990 piaemiSSa,
1323 1958 1388 1991 quo
1425 1947 1547 1980 firmius
1579 1947 1756 1980 subsistant
1792 1954 1824 1981 et

1084 2005 1254 2032 serventur
1291 2000 1441 2040 exactius,
1469 2001 1668 2044 apostolicae
1707 2001 1823 2033 contir-

1084 2053 1234 2086 mationis
1260 2058 1390 2086 nostrae
1417 2054 1597 2096 patrocinio
1627 2053 1823 2086 communiri

1084 2117 1291 2150 summopere
1318 2107 1522 2140 desiderent:
1547 2118 1618 2147 nos,
1636 2108 1823 2141 eorumdem

1085 2160 1316 2204 exponentium
1344 2161 1424 2193 rotis
1451 2161 1510 2193 hac
1537 2161 1567 2192 in
1594 2171 1640 2201 re,
1668 2166 1824 2205 quantum

1086 2224 1156 2246 cum
1175 2213 1310 2246 Domino
1328 2223 1510 2256 possumus,
1534 2214 1755 2248 favorabiliter
1771 2225 1824 2248 an-

1085 2276 1185 2299 nuere
1219 2267 1376 2308 volcntes,
1417 2272 1448 2299 et
1489 2277 1598 2300 corum
1641 2268 1823 2310 singulares

1084 2330 1240 2363 personas
1255 2331 1271 2352 a
1286 2319 1449 2363 quibusvis
1464 2320 1821 2362 excommunicationis,

1085 2372 1307 2416 suspensionis
1334 2378 1365 2406 et
1390 2373 1568 2414 interdicti,
1603 2374 1739 2417 aliisque
1772 2386 1824 2408 ec-

1084 2426 1270 2460 clesiasticis
1289 2427 1471 2467 sententiis,
1487 2428 1631 2460 ccnsusis
1651 2433 1681 2460 et
1696 2428 1821 2471 poenis,

1084 2490 1100 2512 a
1125 2480 1195 2512 iure
1214 2481 1264 2513 vel
1289 2481 1327 2512 ab
1354 2480 1496 2519 homine,
1516 2481 1627 2524 quavis
1649 2482 1821 2515 occasione

1084 2533 1132 2566 vel
1158 2535 1253 2566 causa
1279 2534 1359 2573 latis,
1386 2533 1410 2565 si
1438 2534 1554 2576 quibus
1580 2534 1822 2577 quomodolibet

1082 2585 1255 2620 innodatae
1294 2587 1444 2623 existunt.
1471 2587 1508 2620 ad
1547 2586 1693 2620 efl'ectum
1730 2597 1821 2630 prae-

1883 1852 1909 1871 (3⁴
1914 1852 1950 1898 nisit
1958 1854 2017 1871 natio

1834 1878 1926 1899 Pontifici
