2227 3225
128 215 176 241 An.
192 213 220 241 C.
243 214 309 241 1697

169 2346 303 2375 Confirmatio

121 2375 233 2394 relat-irum
274 2378 303 2392 un-

132 2400 295 2423 dulgenitiaruin,

121 2428 142 2445 et
173 2426 304 2444 cons'itutm·

121 2457 152 2473 nis
167 2452 226 2472 Paul·
244 2451 267 2471 V.

893 214 1101 238 isxoccxrus
1126 215 1171 238 xn
1196 216 1242 239 re.
1730 212 1792 244 783

319 268 422 296 matae
441 264 523 296 vitae
541 263 700 296 coenobio
713 262 954 305 transigere,et‚
969 267 1055 305 post·
1095 263 1294 305 apostolicae
1331 263 1585 297 confirmationis
1619 273 1747 300 nostrae
1774 279 1829 312 pa-

320 326 413 359 quam
423 315 674 353 convaluissent,
685 315 791 358 reipsa
802 314 1052 358 praestitissent,
1074 319 1075 324 ’
1095 315 1232 348 trocinio
1257 317 1450 350 communiri
1476 329 1685 362 summopere
1703 321 1827 355 deside-

319 369 430 402 decem
456 379 558 402 annos
583 374 615 402 et
640 368 772 401 totidem
806 368 1050 411 quadrag-enas:
1073 399 1074 404 ,
1093 373 1158 400 ret:
1178 378 1245 408 nos,
1265 368 1365 412 ipsius
1383 369 1491 403 vicarii
1518 373 1678 413 generalis
1697 375 1779 407 votis
1796 375 1827 407 in

319 421 373 465 qui
395 421 628 454 examinandae
647 422 745 454 semel
764 431 891 464 quaque
912 420 963 453 die
980 430 1054 453 con·
1093 420 1290 463 praemissis,
1317 427 1473 464 quantum
1498 432 1568 455 cum
1594 423 1730 458 Domino
1754 437 1830 469 pos-

319 475 476 508 scientiae
513 485 571 518 per
605 480 752 520 quartam
788 474 916 507 circiter
951 473 1052 506 horae
1095 482 1221 513 sumus,
1250 473 1472 508 favorabiliter
1497 485 1663 515 annuere,
1695 488 1729 509 ac
1761 478 1828 511 feli-

318 534 441 571 partem
467 528 521 571 pie
546 527 780 567 incubuissent,
807 532 935 561 centum
962 527 1050 560 dies:
1095 526 1184 559 cibus
1217 527 1285 560 eius
1320 527 1587 572 Congregationis
1623 530 1830 564 incrementis

318 580 372 624 qui
397 581 628 614 matutinarum
653 581 795 614 officium
826 580 934 613 media
959 584 1052 613 nocte
1094 579 1214 622 optime
1227 580 1410 614 consultum
1429 591 1498 614 esse
1513 582 1691 626 cupientes,
1710 583 1831 626 ipsum-

319 635 557 673 decantassent,
577 634 688 668 deceni
712 633 791 673 dies,
811 633 907 667 toties
924 632 1051 677 quoties
1072 617 1075 685 i
1095 642 1155 675 que
1191 632 1346 666 vicarium
1385 635 1570 677 generalem
1610 646 1627 668 a
1663 636 1830 679 quibusvis

318 686 485 720 fecissent:
507 687 559 730 qui
584 697 660 720 vero
685 685 881 720 solemnibus
907 685 1052 718 eiusdem
1096 687 1454 727 excommunicationis,
1479 688 1702 731 suspensionis
1728 695 1760 722 et
1782 689 1831 722 in-

319 739 353 772 B.
385 740 421 772 M.
447 739 588 782 Virginis
619 738 819 783 pervigiliis¹
845 738 1053 778 ieiunassent,
1097 737 1233 778 terdicti,
1252 739 1389 783 aliisque
1405 739 1634 773 ecclesiasticis
1649 741 1831 782 sententiis,

318 799 445 828 centum
461 793 537 833 dies,
552 793 646 827 toties
663 793 790 837 quoties
808 792 1052 825 ieiunavissent:
1073 784 1075 792 ⁴
1095 790 1241 824 censuris
1267 797 1299 824 et
1322 792 1458 836 poenis,
1485 804 1501 825 a
1527 793 1596 826 iure
1625 794 1675 827 vel
1700 794 1740 828 ab
1765 795 1830 828 ho-

319 854 350 881 et
374 847 508 880 ulterius
524 874 531 887 ,
567 847 620 890 qui
656 846 796 889 aliquem
831 856 867 878 ex
891 844 1053 887 religiosis
1073 860 1074 884 g
1096 843 1193 883 mine,
1218 845 1330 888 quavis
1356 845 1528 879 occasione
1552 847 1602 880 vel
1628 849 1722 880 causa
1746 847 1830 889 latis,

316 900 445 934 Ordinis
470 899 649 944 supradicti
684 909 741 932 seu
777 899 910 932 alterius
936 898 974 930 ad
1001 907 1053 931 ca·
1072 889 1075 942 i
1095 897 1120 930 si
1147 897 1264 941 quibus
1293 899 1543 942 quomodolibet
1566 899 1742 934 innodatus
1767 902 1833 934 exi-

317 954 513 998 pessendam
536 953 800 987 reformationem
826 951 1050 991 induxissent,
1072 944 1075 975 ¹
1097 951 1161 991 stit,
1187 951 1227 984 ad
1251 950 1400 984 effectum
1425 952 1644 996 praesentium
1669 953 1833 987 dumtaxat

317 1012 442 1050 septem
468 1017 569 1040 annos
590 1012 621 1039 et
647 1006 780 1039 totidem
807 1005 1050 1049 quadragenas;

317 1070 443 1093 necnon
469 1059 525 1103 qui
549 1059 691 1099 lectioni,
711 1069 803 1103 quac,
822 1058 896 1091 dum
922 1067 1052 1090 mensae

317 1112 526 1152 accumbitur,
553 1110 793 1152 continuatur2‚
814 1111 900 1155 piam
919 1120 1053 1154 operam

318 1166 499 1205 dedissent,
525 1165 593 1199 sive
618 1165 756 1208 legendo
782 1164 848 1198 sive
873 1163 1049 1204 audiendo,

319 1219 450 1262 triginta
476 1218 562 1252 dies:
581 1219 706 1262 quoties
725 1228 802 1251 vero
828 1218 859 1250 in
877 1217 1051 1250 seminario

317 1271 392 1305 dicti
427 1271 578 1311 Ordinis,
613 1271 698 1314 quod
732 1281 749 1303 a
780 1270 811 1304 S.
839 1269 965 1303 Nicasio
994 1280 1052 1303 no-

316 1335 389 1358 men
407 1324 515 1364 habet,
534 1323 715 1357 studiorum
734 1323 833 1366 gratia
850 1323 900 1356 vel
921 1323 1051 1365 negotio
1071 1348 1073 1353 Α

316 1377 446 1421 pietatis
475 1381 711 1410 commorantes
727 1402 733 1415 ,
762 1375 899 1418 singulis
931 1375 1053 1408 hebdo-
1070 1382 1073 1424 j

316 1431 418 1465 madis
442 1432 540 1464 semel
572 1435 809 1463 sacramentum
834 1429 1051 1463 Confessionis

316 1492 348 1518 et
381 1483 603 1517 Eucharistiae
642 1483 927 1526 frequentassent,
955 1482 1050 1515 toties

315 1538 427 1571 decem
465 1547 582 1570 annos:
608 1535 758 1579 insuper,
792 1535 846 1579 qui
871 1546 930 1579 pro
955 1535 1050 1569 lineis

314 1591 408 1624 lanea
444 1589 571 1623 indusia
607 1588 839 1632 gestavissent,
867 1593 899 1621 et
922 1588 1050 1621 nonnisi

315 1644 420 1677 vestiti
445 1648 541 1677 nocte
576 1652 723 1676 somnum
750 1652 865 1686 capere
892 1642 1052 1675 decrevis-

315 1702 398 1738 sent,
423 1696 553 1739 triginta
578 1706 704 1736 annos;
731 1695 873 1739 denique
900 1695 1051 1729 omnibus

314 1757 346 1784 et
362 1750 508 1793 singulis,
534 1750 588 1793 qui
606 1760 666 1793 pro
687 1751 833 1793 suscepta
850 1756 904 1782 aut
920 1750 1051 1783 defensa

315 1803 547 1837 reformatione
575 1802 650 1835 dicti
675 1802 804 1835 Ordinis
825 1802 976 1836 iniuriam
994 1803 1051 1836 ali·

315 1867 412 1900 quam
436 1857 485 1889 vel
512 1855 720 1899 ignominiam
747 1855 904 1896 tulissent,
925 1861 1049 1900 septem
1070 1872 1072 1877 f

314 1919 416 1943 annos
434 1913 464 1943 et
483 1908 618 1943 totidem
643 1907 868 1952 quadragenas
888 1909 927 1942 de
945 1909 1051 1942 iniun-

314 1962 373 1996 ctis
398 1962 445 1996 eis
471 1973 529 1996 seu
553 1961 632 1995 alias
658 1961 906 2004 quomodolibet
931 1961 1049 1995 debitis

314 2015 521 2059 poenitentiis
540 2015 574 2048 in
594 2015 696 2049 forma
712 2015 876 2048 Ecclesiae
894 2017 1049 2048 consueta

313 2068 486 2102 relaxavit:
506 2073 537 2102 et
557 2067 646 2108 alias,
666 2073 764 2111 prout
782 2067 813 2100 in
840 2067 942 2111 ipsius
961 2068 1048 2102 Pauli

313 2121 577 2166 praedecessoris
598 2121 712 2155 litteris
738 2121 877 2164 desuper
900 2122 933 2154 in
952 2121 1048 2154 simili
1068 2159 1070 2163 f

314 2175 415 2208 forma
429 2174 538 2208 Brevis
555 2174 606 2208 die
621 2184 673 2207 x1x
688 2174 831 2207 octobris
846 2184 944 2208 MDCYI
959 2185 1049 2218 expe·
1068 2172 1070 2212 ζ

314 2228 401 2268 ditis,
418 2238 497 2271 quas
517 2227 683 2270 perpetuis
706 2227 820 2260 futuris
847 2228 1048 2271 temporibus
1068 2228 1070 2244 ¹

313 2281 420 2315 valere
446 2279 559 2321 voluit,
581 2279 712 2324 plenius
737 2279 857 2313 dicitur
874 2280 1045 2314 contineri.

357 2335 372 2379 ἓ
395 2334 427 2368 2.
454 2333 532 2368 Cum
557 2339 680 2374 autern,
707 2334 789 2367 sicut
814 2334 926 2367 eadem
952 2346 1049 2379 expo-

313 2387 386 2421 sitio
411 2386 642 2431 subiungebat,
660 2387 763 2420 dictus
788 2387 926 2420 vicarius
951 2399 1049 2431 gene-

313 2441 389 2474 ralis
412 2440 603 2485 praemissa,
624 2451 688 2484 quo
714 2440 837 2474 firmius
864 2441 1047 2482 subsistant,

350 2521 363 2546 1
385 2520 503 2549 Pessime
528 2521 593 2549 edit.
620 2520 700 2548 Μαίη.
729 2520 795 2556 legit
816 2521 980 2557 privileyz‘is
999 2531 1048 2558 pro
1068 2535 1070 2544 ›

311 2565 475 2600 perviqiliis
491 2565 531 2599 (n.
553 2566 602 2599 τ.).

348 2609 365 2637 2
384 2608 454 2638 Edit.
472 2609 550 2638 Main.
571 2610 636 2646 legit
651 2610 846 2639 continuatim
867 2611 903 2646 (tt.
920 2612 969 2645 T.).

1096 1005 1371 1049 consequendum,
1390 1007 1505 1040 barum
1523 1007 1607 1040 serie
1624 1007 1830 1041 absolventes

1097 1063 1129 1091 et
1161 1058 1346 1092 absolutum
1383 1060 1450 1093 fore
1488 1065 1677 1101 censentes,
1704 1071 1832 1095 necnon

1096 1111 1313 1154 praefatarum
1339 1112 1427 1146 Pauli
1453 1113 1720 1157 praedecessoris
1744 1115 1833 1148 litte-

1095 1175 1205 1198 rarum
1230 1170 1374 1199 tenorem
1398 1167 1624 1210 praesentibus
1648 1177 1709 1212 pro
1734 1168 1831 1212 plene

1096 1222 1127 1251 et
1151 1218 1349 1253 sufficienter
1374 1230 1526 1264 expresso
1560 1225 1592 1254 et
1620 1221 1743 1254 inserto
1774 1221 1832 1255 ha-

1095 1269 1221 1311 bentes,
1241 1272 1535 1315 supplicationibus
1556 1272 1700 1306 eiusdem
1720 1274 1831 1307 vicarii

1095 1324 1257 1367 generalis
1283 1325 1415 1358 nomine
1440 1325 1534 1359 nohis
1560 1336 1659 1369 super
1682 1327 1746 1360 hoc
1771 1327 1833 1360 hu-

1094 1377 1216 1410 militer
1233 1378 1394 1420 porrectis
1413 1378 1572 1419 inclinati,
1589 1389 1701 1412 omnes
1719 1384 1751 1412 et
1767 1379 1832 1413 sin-

1095 1431 1185 1473 gulas
1204 1430 1426 1473 indulgentias
1444 1436 1475 1464 et
1494 1437 1703 1475 peccatorum
1719 1433 1833 1466 remis-

1094 1483 1203 1516 siones
1221 1494 1238 1516 a
1254 1490 1432 1517 memorato
1454 1485 1552 1518 Paulo
1580 1485 1831 1529 praedecessore

1094 1536 1178 1569 sicut
1191 1537 1412 1580 praemittitur
1429 1538 1461 1570 in
1478 1530 1672 1582 perpetuum
1697 1550 1831 1573 conces—

1094 1600 1158 1629 sas,
1186 1600 1221 1624 ac
1247 1590 1389 1634 desuper
1420 1592 1587 1634 expeditas
1612 1592 1682 1626 eius
1705 1593 1830 1626 litteras

1093 1643 1282 1687 praedictas,
1301 1644 1492 1678 auctoritate
1510 1645 1698 1688 apostolica,
1716 1651 1831 1681 tenore

1092 1697 1321 1741 praesentium,
1348 1698 1461 1731 itidem
1486 1698 1646 1742 perpetuo
1671 1700 1832 1744 approba-

1093 1761 1163 1783 mus
1183 1756 1213 1784 et
1234 1751 1475 1793 confirmamus,
1494 1751 1640 1796 illisque*
1660 1752 1832 1786 inviolabi-

1093 1804 1131 1836 lis
1162 1805 1360 1847 apostolicae
1393 1804 1553 1838 firmitatis
1583 1805 1684 1839 robur
1711 1806 1826 1839 adiici-

1093 1867 1174 1889 mus.
1202 1857 1442 1898 Decernentcs,
1480 1858 1610 1892 easdem
1636 1865 1829 1903 praesentes

1093 1910 1217 1943 litteras
1243 1921 1373 1954 semper
1399 1911 1515 1952 firmas,
1534 1912 1654 1945 validas
1676 1918 1708 1945 et
1724 1913 1830 1946 effica-

1093 1974 1145 1996 ces
1172 1963 1309 1996 existere
1336 1972 1366 1998 et
1393 1964 1472 2005 fore,
1499 1976 1637 2009 suosque
1662 1966 1830 2009 plenarios

1093 2023 1124 2050 et
1144 2016 1289 2060 integros
1316 2016 1449 2050 effectus
1473 2018 1583 2051 sortiri
1605 2020 1641 2051 ‘et
1665 2019 1827 2061 obtinere,

1092 2081 1128 2103 ac
1144 2070 1216 2110 illis,
1233 2071 1271 2103 ad
1291 2081 1369 2114 quos
1391 2076 1514 2114 spectat
1539 2077 1570 2105 et
1593 2082 1654 2116 pro
1680 2077 1828 2116 tempore

1093 2123 1364 2167 [piandocumque
1383 2125 1554 2168 spectabit,
1574 2125 1606 2158 in
1631 2125 1781 2159 omnibus
1797 2131 1828 2160 et

1092 2186 1150 2220 per
1167 2176 1275 2209 omnia
1300 2177 1487 2219 plenissime
1514 2177 1693 2222 suffragari,
1715 2179 1826 2223 sicque

1091 2230 1123 2262 in
1155 2230 1342 2272 praemissis
1370 2241 1428 2274 per
1456 2242 1678 2276 quoscumque
1703 2233 1826 2268 iudices

1091 2283 1275 2317 ordinarios
1307 2290 1340 2317 et
1373 2285 1540 2328 delegatos
1559 2313 1566 2327 ‚
1592 2287 1687 2320 etiam
1713 2298 1826 2321 causa-

1091 2347 1160 2369 rum
1185 2337 1295 2380 palatii
1331 2339 1506 2381 apostolici
1531 2340 1717 2382 auditores,
1743 2341 1826 2375 iudi-

1068 2410 1070 2424 κ
1091 2390 1155 2423 cari
1182 2396 1214 2423 et
1238 2390 1366 2424 definiri
1396 2391 1517 2426 debere
1538 2420 1546 2434 ,
1580 2404 1617 2427 ac
1641 2393 1768 2427 irritum
1793 2401 1825 2427 et

1091 2443 1199 2483 inane,
1224 2444 1249 2477 si
1275 2455 1369 2479 secus
1395 2456 1495 2489 super
1520 2446 1572 2480 his
1597 2457 1614 2480 a
1640 2457 1824 2491 quoquam,

1092 2497 1202 2540 quavis
1221 2499 1426 2539 auctoritate,
1444 2499 1587 2533 scienter
1605 2502 1654 2534 vel
1672 2501 1826 2544 ignoran-

1092 2557 1147 2590 ter,
1174 2551 1347 2594 contigerit
1370 2554 1537 2587 attentari.

1126 2614 1137 2640 1
1162 2612 1232 2640 Edit.
1253 2613 1330 2642 Maiu.
1354 2615 1418 2650 legit
1433 2616 1536 2652 illique
1556 2617 1592 2653 (R.
1614 2617 1664 2652 T.).

1838 221 1884 247 An.
1902 221 1928 247 C‚
1954 222 2018 249 1097
