2227 3225
92 235 142 260 Αη.
161 232 189 259 C.
213 233 281 260 1695

162 926 175 945 Α
192 925 269 949 ὓῐοςη»

87 953 119 972 rio
144 952 189 972 xiil
213 958 270 971 111110·

87 982 135 998 vata
145 978 182 998 suit
193 981 269 997 consti-

86 1004 228 1025 tiithit-olai
238 1004 269 1025 lll.

282 334 480 368 clesiastieae
506 334 667 367 obviantia
688 334 793 367 iurare
820 334 1015 375 contigisset,

282 389 320 420 ad
338 388 536 420 observanda
554 387 714 420 dumtaxat
734 387 829 426 licita,
847 387 1016 430 possibilia

282 446 313 473 et
339 440 480 473 libertati
507 441 743 473 ecclesiasticae
764 451 829 473 non
855 440 1017 473 obviantia

281 493 457 526 iurantium
482 493 697 526 intentionem
722 494 834 526 rct'erri
872 493 1014 534 debere3

281 546 451 580 declarans
478 547 614 590 insuper
637 547 817 580 iuramenta
834 548 893 580 sub
912 547 1016 579 huius-

281 599 368 632 modi
384 600 594 642 generalitate
616 600 896 643 qualitercumque
910 605 941 632 et
957 601 1015 633 sub

281 662 485 695 quacumque
499 653 672 685 verborum
686 653 790 685 forma
804 652 956 695 praestita
968 655 1015 686 vel

282 706 491 748 praestanda,
511 706 550 738 ad
566 706 663 745 licita,
678 706 848 749 possibilia
862 717 896 739 ac
913 707 1016 739 eccle-

282 759 431 791 siasticae
445 759 586 791 libertati
600 769 665 791 non
679 758 842 791 obviantia
853 759 1016 791 dumtaxat

283 812 434 852 extendi,
460 812 613 855 ipsosque
636 811 779 845 iurantes
805 812 842 844 ad
870 811 932 844 alia
957 823 1016 855 per

281 865 535 908 praestationem
553 865 725 898 iuramenti
744 865 927 898 huiusmodi
949 876 1013 898 non

283 918 411 959 teneri)
445 919 640 951 recolendae
674 917 853 950 memoriae
889 918 1013 960 Grego-

281 971 347 1003 rius
364 971 448 1014 Papa
462 971 527 1003 xltl
543 971 639 1004 etiam
655 971 887 1014 praedecessor
903 976 1016 1004 noster

280 1035 340 1067 per
357 1025 511 1067 quasdam
535 1035 608 1057 suas
633 1025 773 1068 desuper
798 1026 858 1057 sub
883 1025 1015 1068 plumbo

280 1078 446 1121 expeditas
479 1079 625 1119 litteras,
653 1089 788 1121 quarum
813 1078 939 1111 initium
961 1079 1015 1111 In-

281 1135 327 1163 ter
350 1131 552 1174 apostoliam,
573 1131 866 1174 etc.¹‚praedictam
892 1132 1012 1165 Nicolai

280 1184 541 1226 praedecessoris
567 1185 854 1225 constitutionem,
887 1185 1013 1218 itidem-

281 1247 343 1279 que
375 1237 453 1270 alias
486 1248 601 1270 omnes
631 1238 804 1270 canonicas
830 1239 1013 1271 sanctiones

280 1289 319 1322 de
337 1290 438 1322 abusu
457 1296 488 1323 et
504 1291 739 1334 reprobatione
760 1291 1013 1324 iuramentorum

279 1342 465 1376 huiusmodi
500 1345 721 1386 promulgatas
753 1344 934 1384 innovavit,
960 1356 1015 1378 vo-

278 1396 416 1439 luitque,
444 1407 497 1429 eas
521 1396 641 1440 ubique
666 1397 704 1429 ab
729 1398 897 1438 omnibus,
918 1398 1013 1431 etiam

279 1450 385 1491 quoad
410 1450 586 1492 praeterita
603 1476 610 1487 ,
644 1450 877 1483 inviolabiliter
905 1452 1015 1484 obser-

277 1501 361 1534 vari:
387 1508 557 1545 praeterea
591 1504 759 1546 praecepit
789 1509 819 1536 et
849 1504 1015 1537 interdixit

277 1555 443 1598 praelatis,
466 1556 628 1588 canonicis
653 1562 684 1588 et
708 1556 778 1589 aliis
804 1558 1012 1600 supradictis,

277 1618 407 1641 necnon
433 1608 644 1641 ecclesiarum
670 1609 817 1652 capitulis
839 1615 1015 1643 0111101135-

278 1661 454 1702 teriorum,
481 1662 661 1705 ceterisque
688 1663 914 1704 conventibus,
941 1664 1015 1697 civi-

278 1719 379 1747 tatum
410 1725 563 1758 quoque,
591 1720 767 1748 castrorum
800 1721 831 1749 et
855 1722 1013 1750 terrarum

277 1768 564 1800 communitatibus
590 1773 621 1801 et
646 1769 790 1811 personis
811 1780 1013 1814 quacumque

277 1820 435 1862 dignitate
461 1821 630 1864 praeditis,
657 1832 697 1853 ne
718 1823 784 1855 ulla
808 1823 941 1857 omnino
966 1824 1014 1856 iu-

277 1880 424 1908 ramenta
449 1875 570 1914 illicita,
597 1875 820 1918 impossibilia,
847 1877 1011 1918 damnosa,

280 1928 328 1960 vel
352 1928 495 1960 libertati
526 1928 763 1961 ecclesiasticae
793 1935 845 1962 aut
876 1930 1013 1963 decretis

277 1980 411 2014 Concilii
436 1980 615 2013 Tridentini
642 1981 818 2022 obviantia,
849 1982 915 2015 sive
940 1989 1012 2016 ante

277 2033 342 2067 sive
377 2039 452 2077 post
486 2034 663 2067 electiones
681 2061 688 2074 ,
723 2035 1033 2077 conti1·mationes,:

276 2087 495 2130 privationes,
526 2087 732 2130 receptiones
750 2114 757 2128 ,
784 2088 1011 2130 admissiones,

276 2144 333 2172 aut
358 2140 438 2173 alios
463 2145 559 2180 actus,
574 2140 769 2184 ubicumque
799 2152 833 2174 ac
859 2152 1012 2185 quocum-

277 2204 339 2236 que
374 2199 522 2237 tempore
538 2220 545 2234 ,
571 2193 666 2227 etiam
703 2199 869 2237 praetextu
907 2196 1013 2229 cuius-

275 2247 321 2279 vis
347 2247 593 2280 consuetudinis
618 2253 882 2293 quantocumque
899 2248 909 2266 ⁹
935 2254 1013 2282 tem-

276 2310 356 2343 pore
377 2301 576 2341 observatae,
596 2311 677 2344 quae
698 2302 806 2344 potius
827 2305 1012 2346 corruptela

278 2357 363 2385 esset
394 2354 558 2386 censenda
573 2380 580 2394 ‚
619 2354 687 2387 sive
723 2354 756 2386 in
792 2365 911 2397 genere
946 2357 1010 2389 sive

278 2404 311 2437 in
334 2406 440 2448 specie
471 2412 659 2450 praestare,
690 2407 827 2440 reddere
860 2409 910 2441 vel
940 2409 1008 2442 exi-

279 2468 366 2500 gere,
389 2469 466 2492 neve
492 2470 590 2502 super
611 2460 788 2503 praestitis,
805 2461 940 2495 redditis
961 2464 1010 2496 vel

279 2511 399 2544 exactis
432 2522 576 2556 eousque
608 2514 794 2557 quempiam
825 2515 858 2547 in
891 2516 1009 2549 iudicio

314 2582 325 2607 1
348 2581 418 2612 Quas
437 2582 494 2617 lege
513 2583 539 2610 in
559 2588 624 2611 tom.
645 2591 701 2618 vlit,
724 2594 783 2621 pag.
804 2586 854 2612 489
874 2588 911 2620 (fl.
933 2588 982 2622 T.).

311 2624 328 2652 2
347 2625 417 2653 Edit.
438 2626 516 2654 tttain.
537 2627 602 2664 legit
621 2633 881 2666 quantumcumque
900 2636 938 2667 tn.
960 2632 1010 2668 T.).

854 232 1063 257 luxocnxvrms
1088 232 1133 256 xn
1156 234 1204 257 rr.

283 282 396 315 illicita
416 292 472 315 seu
497 281 713 324 impossibilia
736 282 786 314 vel
807 281 948 314 libertati
967 292 1017 313 ec-
1036 286 1038 298 ¹

1058 282 1105 313 vel
1125 288 1214 314 extra
1232 281 1310 315 illud
1330 283 1513 326 iucpfictare
1538 286 1694 320 auderent
1711 299 1789 331 quo-

1059 344 1121 376 quo
1146 335 1243 368 modo
1268 337 1316 368 vel
1344 338 1494 370 turbare:
1515 349 1550 370 ac
1567 339 1652 379 illos,
1672 341 1726 383 qui
1745 342 1790 374 iu-

1060 394 1206 421 ramenta
1230 389 1355 430 illicita,
1374 389 1600 433 impossibilia,
1624 393 1790 433 damnosa,

1058 441 1107 472 vel
1133 442 1370 475 ecclesiasticae
1397 442 1539 476 libertati
1571 450 1624 478 aut
1654 446 1790 479 decretis

1059 492 1134 525 dicti
1163 493 1295 528 Concilii
1317 495 1478 530 obviantia
1507 498 1635 540 exigere
1660 504 1793 532 conten-

1059 545 1191 586 dissent,
1207 548 1377 591 episcopos
1402 550 1532 592 quidem
1550 556 1580 583 et
1597 551 1677 585 alios
1695 562 1791 595 quos-

1058 609 1195 642 cumque
1212 601 1389 643 pontiticali
1405 603 1562 645 dignitate
1581 605 1759 647 praeditos,
1773 616 1791 638 a

1059 651 1172 684 divinis
1197 655 1383 697 suspendit;
1404 657 1544 699 capitula
1564 668 1638 691 vero
1663 664 1694 691 et
1714 669 1792 692 con-

1058 711 1182 746 ventus,
1210 718 1389 751 eorumque
1415 710 1578 751 ecclesias,
1604 717 1635 744 et
1664 713 1736 745 loca
1760 723 1793 745 ο-

1058 758 1144 791 nmia
1165 759 1339 794 interdicto
1364 763 1584 797 ecclesiastico
1601 766 1790 808 supposuit;

1058 821 1093 843 ac
1110 811 1291 854 singulares
1315 825 1471 857 personas
1488 818 1793 852 excommunicatio·-

1058 864 1106 896 nis
1142 866 1303 898 sententia
1338 867 1528 909 innodavit,
1563 870 1791 914 inliabilesque

1058 917 1133 949 sccit
1157 918 1195 949 ad
1221 920 1352 952 obtenta
1390 926 1421 953 et
1451 921 1514 955 alia
1543 922 1721 956 obtinenda
1752 935 1792 958 eo

1057 969 1145 1012 ipso,
1172 971 1300 1015 sibique
1327 978 1358 1006 et
1381 974 1526 1007 Romano
1559 975 1705 1009 Pontifici
1732 988 1792 1021 pro

1057 1028 1202 1066 tempore
1228 1025 1376 1058 existenti
1400 1027 1632 1061 relaxationem
1657 1040 1793 1073 suspen—

1057 1076 1156 1109 sionis
1175 1082 1207 1109 et
1223 1077 1389 1111 interdicti
1407 1090 1532 1114 necnon
1554 1082 1792 1116 absolutionem

1056 1130 1095 1162 ab
1122 1132 1462 1166 excommunicationis
1494 1136 1654 1168 sententia
1680 1137 1793 1170 huius-

1056 1183 1142 1216 modi
1179 1191 1338 1228 perpetuo
1368 1188 1564 1221 reservavit:
1592 1188 1791 1231 decernens,

1057 1238 1192 1280 eOS,qt1i
1216 1239 1277 1271 tale
1302 1239 1516 1273 iuramentum
1542 1241 1683 1275 scienter
1699 1253 1793 1286 prae·

1057 1289 1215 1323 stitissent
1238 1302 1306 1331 ,usu
1333 1298 1364 1326 et
1388 1294 1559 1327 commodo
1585 1295 1630 1327 rei
1660 1306 1695 1328 ac
1720 1307 1792 1338 gra-

1057 1343 1128 1384 tiae,
1153 1345 1242 1377 cuius
1269 1348 1362 1378 causa
1386 1346 1559 1388 iurassent,
1580 1358 1616 1380 eo
1641 1348 1711 1391 ipso
1729 1350 1794 1392 pri-

1056 1403 1146 1429 vatos
1183 1408 1279 1438 esse;
1307 1400 1385 1432 alios
1421 1411 1499 1434 vero
1532 1401 1720 1443 ignorantes
1754 1403 1792 1435 ad

1057 1450 1284 1492 praestitorum
1317 1453 1573 1486 iuramentorum
1608 1455 1792 1488 huiusmodi

1057 1504 1316 1538 observationem
1342 1506 1476 1539 minime
1503 1507 1624 1540 teneri:
1650 1514 1681 1540 et
1704 1509 1794 1547 alias,

1057 1562 1156 1599 prout
1178 1558 1210 1590 in
1243 1559 1395 1601 praefatis
1420 1559 1568 1602 Gregorii
1600 1561 1794 1603 praedeces-

1057 1610 1138 1643 soris
1163 1611 1288 1652 litteris,
1311 1623 1445 1655 quarum
1470 1619 1617 1646 tenorem
1642 1625 1795 1657 praesen-

1058 1663 1142 1696 tibus
1168 1674 1227 1707 pro
1253 1666 1349 1707 plene
1367 1671 1399 1698 et
1416 1666 1614 1700 sufficienter
1639 1678 1793 1710 expresso

1057 1726 1093 1749 ac
1117 1717 1156 1749 de
1182 1718 1280 1751 verbo
1305 1718 1343 1750 ad
1369 1720 1503 1753 verbum
1529 1720 1654 1753 inserto
1679 1720 1794 1753 haberi

1056 1769 1213 1810 volumus,
1232 1770 1362 1804 uberius
1387 1772 1585 1806 continetur.

1100 1823 1114 1865 ἓ
1139 1822 1170 1855 02.
1198 1823 1309 1863 Porro,
1336 1830 1506 1869 antequam
1531 1827 1658 1860 litterae
1683 1827 1796 1860 huius-

1044 1871 1142 1908 modi
1158 1883 1373 1919 emanassent,
1392 1879 1505 1912 similis
1526 1880 1702 1914 memoriae
1721 1881 1794 1914 Pius

1056 1930 1141 1972 Papa
1158 1931 1180 1962 V
1198 1931 1294 1964 etiam
1318 1933 1555 1975 praedecessor
1569 1939 1689 1975 noster,
1709 1935 1793 1967 eius-

1055 1982 1142 2015 modi
1168 1983 1303 2016 Concilii
1330 1984 1507 2019 Tridentini
1534 1987 1673 2020 decretis
1702 1987 1794 2030 (qui-

1055 2036 1136 2075 bus,
1163 2047 1203 2069 ne
1229 2037 1426 2080 quidquam,
1452 2039 1537 2082 quod
1563 2039 1595 2071 in
1620 2050 1697 2072 usus
1723 2040 1793 2083 pios

1056 2099 1121 2121 non
1147 2096 1364 2131 convertatur,
1389 2092 1422 2124 in
1448 2092 1621 2132 electione,
1640 2103 1794 2136 praesen-

1056 2143 1187 2184 tatione,
1212 2145 1445 2186 nominatione,
1472 2146 1690 2187 institutione‚
1717 2158 1794 2180 con-

1055 2195 1259 2236 firmatione,
1284 2198 1459 2231 cellatione
1495 2200 1544 2231 vel
1583 2200 1645 2232 alia
1680 2200 1790 2243 provi-

1055 2249 1156 2289 sione,
1175 2249 1241 2282 sive
1267 2250 1467 2284 admissione
1489 2252 1527 2284 ad
1554 2253 1793 2295 possessionem

1055 2302 1189 2334 alicuius
1215 2303 1414 2337 cathedralis
1439 2305 1596 2338 ecelesiae
1621 2305 1671 2338 vel
1696 2306 1794 2339 bene-

1054 2354 1142 2396 ficii,
1181 2356 1455 2398 canonicatuum,
1490 2363 1543 2390 aut
1582 2359 1790 2401 praebenda-

1054 2420 1145 2449 rum,
1171 2411 1220 2443 vel
1252 2416 1376 2454 partem
1408 2417 1645 2454 proventuum,
1671 2423 1726 2445 seu
1753 2412 1792 2445 ad

1055 2464 1301 2497 distributiones
1317 2465 1533 2508 quotidianas,
1546 2476 1676 2509 quoquo
1693 2466 1791 2499 modo

1054 2516 1193 2560 persolvi
1219 2517 1333 2560 possit,
1358 2518 1560 2552 strictissime
1584 2518 1790 2563 prohibetur)

1056 2571 1239 2611 inhaerens,
1252 2582 1340 2604 suam
1352 2571 1413 2604 hac
1426 2572 1458 2604 in
1473 2582 1506 2605 re
1521 2572 1789 2605 constitutionem

1055 2624 1202 2657 ediderat
1226 2625 1350 2659 tenoris
1368 2625 1422 2670 qui
1441 2626 1599 2669 sequitur,
1615 2625 1786 2660 videlicet:

1691 229 1754 263 717
1801 239 1851 266 An.
1871 239 1899 266 c.
1918 239 1984 266 1095

1867 1838 1908 1859 Sed
1925 1841 1988 1860 anim

1807 1863 1855 1885 Pius
1879 1867 1892 1885 V
1918 1872 1928 1885 n
1933 1874 1977 1885 111111
1980 1873 1988 1885 s

1807 1898 1825 1911 in
1849 1892 1988 1912 electionibus

1804 1924 1870 1937 Sacris
1921 1922 1987 1937 ill'liaeu

1805 1951 1840 1964 nes
1856 1946 1988 1971 improbave-
