2227 3225
186 210 234 235 An.
251 211 280 236 C.
307 210 372 237 ic90

972 209 1158 232 auxiat-ER
1187 210 1239 232 tm
1265 210 1312 232 ΓΡ.

379 257 547 297 abstineri,
566 257 712 300 quinimo
730 257 849 300 passini
875 261 903 290 et
918 257 1116 293 indistincte,

378 320 444 343 non
469 321 564 343 secus
596 321 633 343 ac
669 316 777 343 cetera
801 320 889 342 arma
913 309 1018 342 minus
1044 319 1117 352 pro-

378 362 491 402 hibita,
510 362 550 395 ab
575 362 726 396 omnibus
751 363 817 395 fere
842 362 980 404 gestari,
1006 361 1116 404 prodi-

380 416 496 449 torium
521 421 552 449 et
576 415 793 449 abominabile
826 425 861 447 ac
890 415 1115 447 detestandum

377 479 543 502 armorum
577 479 680 511 genus
714 467 901 504 huiusmodi
933 467 1059 510 penitus
1085 473 1117 500 et

377 521 511 555 omnino
549 521 716 554 destruere
753 532 789 553 ac
824 520 863 553 ab
907 521 991 553 alma
1030 519 1114 553 Urbe

378 575 518 618 aliisque
543 574 639 607 terris
654 574 783 613 nostris,
800 579 875 607 tunc
900 574 1115 617 suis,p1·aedi·

378 627 437 660 ctis
453 627 485 660 in
503 632 606 660 totum
624 627 793 659 eliminare
812 627 933 666 volens,
948 637 1008 669 per
1025 637 1115 668 quas-

379 680 452 712 dam
477 690 551 713 suas
572 690 657 712 anno
675 679 906 712 Incarnationis
931 679 1114 712 Dominicae

378 742 498 772 MDan,
518 732 624 776 pridie
648 742 750 765 nonas
774 732 891 770 martii,
908 732 1114 775 pontificatus

378 785 426 817 sui
441 796 526 819 anno
545 795 593 825 111,
613 785 780 828 expeditas
799 784 935 823 litteras,
955 791 1115 827 perpetuo

379 838 515 871 sancivit
526 837 659 878 nemini,
675 838 905 880 cuiuscumque
916 843 1001 870 esset
1015 838 1115 879 digni-

380 892 463 931 tatis,
493 892 611 934 gradus
628 918 635 932 ‚
669 891 816 930 ordinis,
842 891 1037 924 conditionis
1062 898 1116 923 aut

379 943 668 986 praeeminentiae,
694 944 794 976 licere
824 953 925 986 genus
949 954 1113 975 armorum

379 997 576 1037 huiusmodi,
595 997 681 1040 quod
701 997 864 1030 brevioris
890 997 1030 1029 duorum
1046 997 1116 1040 pal-

379 1061 504 1084 morum
528 1061 699 1083 mensurae
725 1050 884 1089 existeret,
910 1049 1041 1092 publice
1067 1050 1115 1082 vel

379 1104 514 1143 occulte,
535 1108 597 1135 tam
614 1114 672 1146 per
696 1102 825 1141 Urbem,
843 1103 987 1135 civitates
1001 1108 1032 1135 et
1046 1103 1116 1135 loca

381 1156 554 1199 praedicta,
570 1166 665 1199 quam
684 1155 779 1187 etiam
798 1156 829 1187 in
842 1155 1024 1194 itineribus,
1038 1166 1116 1198 quo-

381 1209 553 1252 quomodo,
569 1214 621 1241 aut
641 1209 754 1251 quovis
779 1208 875 1240 etiam
903 1208 1039 1241 militiae
1061 1213 1115 1239 aut

381 1261 604 1304 exequutionis
621 1261 762 1294 iustitiae
782 1267 959 1304 praetextu,
975 1261 1113 1301 deferre,

380 1314 550 1357 minusque
567 1314 599 1346 in
618 1314 768 1346 domibus
787 1319 840 1345 aut
864 1313 940 1346 alibi
959 1313 1114 1353 retinere,

378 1366 540 1405 vendere,
565 1376 685 1405 emere,
711 1371 765 1398 aut
789 1366 1056 1408 permutationis,
1082 1366 1113 1398 in

380 1420 523 1452 solutum
548 1418 697 1459 dationis,
718 1419 864 1462 pignoris
889 1420 936 1452 vel
963 1429 1115 1462 quocum-

379 1483 441 1516 que
465 1472 528 1505 alio
556 1473 648 1504 titulo
673 1472 840 1515 recipere;
867 1472 1020 1515 quinimo,
1046 1471 1115 1515 qui-

379 1535 514 1569 cumque
539 1525 595 1558 illa
620 1525 816 1564 habuissent,
832 1525 916 1558 intra
941 1530 1064 1558 certum
1082 1525 1112 1557 in

379 1579 500 1611 eisdem
532 1578 650 1611 litteris
675 1578 854 1622 praefixum
880 1578 1064 1619 terminum,
1082 1578 1112 1611 in

379 1631 492 1665 eadem
518 1631 611 1671 Urbe,
638 1632 725 1664 illius
752 1631 1017 1674 gubernatori,in
1043 1632 1113 1665 aliis

378 1695 452 1719 vero
465 1685 545 1719 locis
562 1685 747 1728 praedictis,
759 1686 877 1718 rectori
896 1686 944 1718 vel
961 1686 1114 1728 praesidi,

379 1743 434 1771 aut
457 1738 554 1771 etiam
581 1738 814 1781 gubernatori,
846 1749 902 1771 seu
935 1739 1036 1771 cuivis
1060 1739 1114 1772 alii

379 1791 541 1835 superiori
566 1792 641 1832 loci,
662 1791 694 1824 in
710 1801 774 1834 quo
797 1801 834 1824 ea
858 1792 1018 1824 habentes
1040 1792 1116 1825 fuis-

380 1850 460 1884 sent,
482 1844 676 1877 denuntiare
693 1844 725 1877 et
741 1845 781 1877 ad
799 1855 872 1878 eum
898 1845 1042 1888 perferre
1060 1856 1115 1878 seu

380 1897 519 1941 perferri
544 1898 662 1936 facere,
686 1908 722 1930 ac
738 1908 839 1940 penes
864 1897 980 1941 ipsum,
995 1898 1027 1931 in
1044 1900 1115 1932 loco

380 1950 419 1983 ad
443 1950 475 1982 id
500 1950 687 1993 deputando
704 1950 868 1990 servanda,
886 1951 1051 1984 dimittere
1073 1958 1116 1985 te-

380 2008 555 2042 nerentur;
583 2001 637 2045 qui
659 2013 733 2035 vero
752 2008 866 2036 contra
892 2003 1052 2043 fecissent,
1072 2004 1117 2037 di-

380 2061 532 2099 ctumque
558 2066 659 2098 genus
677 2066 840 2089 armorum
867 2057 952 2090 dicto
977 2058 1116 2090 termino

381 2110 491 2153 elapso
517 2108 733 2148 retinuissent,
749 2109 872 2142 crimen
893 2111 999 2143 laesae
1020 2111 1117 2143 maie-

380 2161 472 2194 statis
496 2167 528 2194 et
552 2161 751 2201 rebellionis,
772 2171 807 2194 ac
832 2172 953 2204 poenas
978 2173 1036 2206 pro
1059 2163 1115 2196 illo

381 2227 399 2248 a
422 2215 491 2248 iure
516 2214 660 2255 inflictas,
681 2226 718 2248 eo
744 2214 814 2258 ipso
836 2215 1052 2249 incurrerent.
1080 2217 1117 2250 Et

200 2268 520 2318 ,„.¹,',‚‘'¹¹,{}’,¹{{{,¹;8Ubissde
545 2268 740 2301 recolendae
766 2269 939 2302 memoriae
965 2269 1038 2302 Pius
1064 2270 1116 2303 Pa-

200 2324 231 2344 Pii
250 2323 272 2343 v.

381 2332 422 2365 pa
446 2321 478 2362 V,
493 2321 589 2354 etiam
615 2321 849 2364 praedecessor
879 2328 998 2363 noster,
1017 2324 1116 2356 vesti-

381 2375 443 2417 giis
477 2375 622 2408 eiusdem
652 2375 697 2407 Pii
722 2375 758 2407 IV
783 2376 1046 2418 praedecessoris
1070 2377 1118 2410 in-

381 2427 535 2467 haerens,
551 2437 678 2460 necnon
697 2428 868 2460 attendens
896 2429 984 2471 quod
1002 2430 1115 2462 eadem

381 2480 463 2513 ratio
483 2479 642 2512 militabat
666 2481 762 2513 etiam
788 2481 820 2513 in
846 2481 917 2513 aliis
941 2482 1051 2522 armis,
1069 2493 1115 2516 ve-

382 2533 440 2566 luti
465 2532 672 2576 pugionibus,
690 2534 805 2566 etaliis
824 2545 991 2566 armorum
1017 2546 1115 2577 gene-

381 2586 488 2626 ribus,
514 2597 596 2631 quae
622 2588 744 2620 occulte
769 2587 886 2620 deferri
912 2594 1056 2631 possunt,
1083 2595 1115 2622 et

449 2648 528 2678 Ball.
550 2652 631 2680 Rom.
652 2667 685 2671 —-
709 2651 768 2680 l'ol.
789 2651 846 2678 XX.
993 2653 1024 2679 tu

1158 257 1294 300 cupiens
1326 258 1412 300 quod
1444 264 1529 292 metu
1559 261 1702 294 eiusdem
1725 272 1849 304 poenae
1877 273 1894 294 a

1159 309 1314 344 similium
1339 321 1503 344 armorum
1529 313 1692 345 delatione
1726 319 1758 345 et
1781 325 1892 346 eorum

1159 374 1216 395 usu
1242 363 1379 406 quilibet
1403 364 1593 404 abstineret,
1619 371 1710 397 motu
1736 376 1793 398 suo
1819 377 1894 408 pro-

1159 415 1238 458 prio,
1257 416 1419 458 praefatae
1438 415 1483 448 Pii
1497 416 1533 448 lv
1547 417 1808 459 praedecessoris
1822 428 1893 450 con·

1157 467 1316 500 stitutioni
1342 468 1473 507 addens,
1492 474 1654 511 perpetuo
1681 469 1801 512 pariter
1825 480 1893 502 san-

1157 520 1232 552 civit
1268 520 1403 561 nemini,
1430 521 1661 564 cuiuscumque
1701 522 1891 564 dignitatis,

1157 574 1286 615 gradus,
1303 574 1438 613 ordinis,
1459 574 1656 607 conditionis
1678 580 1708 607 et
1732 575 1893 618 praeemi-

1158 627 1286 660 nentiae
1310 627 1473 667 existeret,
1498 627 1598 660 licere
1623 627 1800 670 pugiones,
1826 628 1893 660 cul-

1158 680 1269 719 tellos,
1296 690 1356 712 nec
1389 680 1477 713 aliud
1503 680 1636 723 quodvis
1663 690 1763 723 genus
1788 692 1895 713 armo-

1156 744 1225 765 rum
1239 733 1397 766 hrerioris
1412 744 1583 766 mensurae
1599 734 1692 766 trium
1708 735 1894 777 palmorum

1157 786 1313 829 <exceptis
1339 792 1446 819 tamen
1472 787 1613 819 cultellis
1637 787 1720 830 aptis
1751 787 1789 819 ad
1815 787 1894 819 inci—

1158 839 1301 872 dendum
1333 850 1472 882 panem,
1498 840 1552 882 qui
1584 845 1689 872 tamen
1722 850 1795 872 csse
1829 850 1893 872 non

1158 898 1290 935 possent
1316 892 1447 925 maioris
1471 892 1685 934 longitudinis
1710 892 1805 925 unius
1828 894 1895 935 pal-

1158 945 1198 977 nii
1221 950 1252 977 et
1269 945 1337 978 sine
1363 945 1509 987 cuspide,
1527 949 1568 984 ct,
1589 951 1624 976 ut
1648 945 1743 986 vulgo
1765 945 1893 985 dicitur,

1156 998 1319 1040 spumati)
1345 997 1377 1029 in
1410 997 1511 1037 Urbe,
1538 997 1722 1030 civitatibus
1751 1004 1782 1030 et
1813 998 1894 1030 locis

1157 1051 1262 1083 Status
1281 1045 1393 1089 nostri,
1408 1056 1482 1082 tunc
1498 1050 1556 1089 sui,
1573 1050 1788 1083 Ecclesiastici
1806 1061 1895 1093 prae-

1158 1103 1230 1135 fatis
1256 1109 1287 1135 et
1311 1103 1486 1141 suburbiis,
1506 1103 1621 1146 quovis
1646 1103 1754 1142 modo,
1776 1108 1829 1135 aut
1853 1109 1894 1135 et-

1157 1156 1219 1188 iam
1254 1155 1366 1198 quovis
1399 1155 1534 1188 militiae
1571 1162 1626 1188 aut
1667 1155 1893 1198 exequutionis

1156 1208 1296 1241 iustitiae
1309 1214 1489 1251 praetextu,
1503 1208 1640 1248 defcrre;
1660 1207 1713 1251 qui
1730 1219 1806 1241 vero
1824 1219 1895 1241 con-

1158 1261 1364 1300 trafccissent,
1391 1262 1577 1304 dictumque
1602 1271 1704 1302 genus
1729 1271 1894 1295 armorum

1157 1314 1366 1354 detulissent,
1391 1324 1512 1357 poenas
1538 1314 1568 1346 in
1594 1314 1762 1356 praedicta
1786 1314 1832 1347 Pii
1857 1315 1894 1348 IV

1157 1367 1419 1409 praedecessoris
1452 1366 1683 1399 constitutione
1721 1377 1893 1410 expressas

1156 1420 1381 1459 incurrerent·,
1402 1419 1583 1451 inhibendo
1605 1424 1774 1461 praeterea
1793 1421 1895 1453 omni-

1156 1474 1216 1505 bus
1243 1477 1274 1505 et
1299 1472 1444 1514 singulis,
1464 1471 1561 1504 etiam
1582 1472 1620 1504 de
1639 1473 1738 1505 latere
1763 1473 1893 1515 legatis,

1156 1536 1196 1559 ne
1222 1525 1281 1558 sub
1312 1525 1549 1567 indignationis
1584 1535 1682 1565 suae,
1709 1530 1741 1558 et
1765 1526 1896 1568 quibus-

1156 1590 1293 1623 cumque
1328 1578 1526 1620 vicelegatis,
1551 1579 1832 1620 gubernatoribus,
1850 1590 1896 1613 re·

1156 1633 1317 1671 ctoribus,
1344 1631 1613 1674 praesidentibus
1649 1641 1684 1664 ac
1709 1631 1781 1664 aliis
1806 1632 1896 1665 mini-

1157 1687 1241 1724 stris,
1267 1692 1299 1718 et
1322 1684 1414 1718 Sedis
1442 1684 1651 1728 Apostolicae
1672 1695 1709 1717 ac
1730 1685 1896 1719 civitatum

1157 1744 1188 1772 et
1213 1744 1370 1771 terrarum
1392 1737 1611 1781 praefatarum
1629 1737 1832 1779 officialibus,
1855 1750 1895 1772 ne

1157 1794 1218 1826 sub
1243 1792 1472 1835 suspensionis
1505 1802 1522 1823 a
1547 1791 1663 1824 divinis
1701 1801 1737 1824 ac
1771 1802 1897 1825 excom-

1157 1845 1387 1878 municationis
1420 1845 1504 1877 latae
1529 1844 1731 1884 sententiae,
1758 1844 1895 1888 aliisque

1158 1898 1292 1931 arbitrio
1313 1908 1371 1930 suo
1391 1897 1516 1940 poenis,
1539 1897 1688 1939 cuiquam
1706 1897 1767 1930 tale
1793 1908 1894 1940 genus

1158 1962 1320 1984 armorum
1346 1951 1405 1983 sub
1435 1950 1548 1993 quovis
1582 1950 1715 1983 colore¹
1749 1951 1882 1984 deferen

1159 2005 1189 2037 di
1207 2004 1371 2038 licentiam
1390 2009 1421 2036 et
1438 2004 1634 2043 facultatem,
1661 2004 1701 2036 ad
1720 2004 1897 2047 quodcum-

1158 2068 1219 2100 que
1249 2057 1345 2090 etiam
1375 2056 1603 2089 brevissimum
1636 2062 1788 2100 tempus,
1819 2067 1896 2090 con-

1158 2111 1274 2144 cedere
1299 2110 1458 2142 auderent
1483 2111 1531 2142 vel
1557 2114 1815 2152 praesumerent,
1842 2111 1897 2143 de-

1159 2162 1317 2196 cernens²
1349 2162 1565 2196 nihilominus
1604 2162 1754 2195 licentias
1788 2168 1819 2196 et
1852 2164 1897 2196 fa-

1160 2218 1295 2250 cultates
1321 2217 1365 2248 sic
1390 2216 1615 2249 concedendas
1639 2217 1743 2250 nullas
1768 2217 1897 2260 penitus

1159 2276 1190 2303 et
1214 2269 1370 2304 invalidas
1397 2270 1562 2310 existere,
1590 2280 1635 2308 ac,
1661 2270 1724 2302 illis
1749 2280 1815 2303 non
1841 2271 1897 2303 ob-

1159 2323 1328 2364 stantibus,
1350 2333 1423 2362 eos,
1451 2323 1503 2366 qui
1538 2324 1596 2356 sub
1626 2323 1756 2356 illarum
1781 2324 1895 2367 clypeo

1159 2375 1278 2409 dictum
1297 2386 1398 2418 genus
1417 2386 1580 2408 armorum
1601 2376 1803 2416 detulissent,
1820 2386 1897 2419 poe-

1158 2440 1231 2462 nam
1256 2430 1434 2473 praefatam
1466 2429 1598 2463 omnino
1629 2429 1837 2469 incursuros,
1865 2434 1897 2461 et

1194 2511 1202 2535 1
1227 2509 1327 2535 Vocem
1348 2509 1461 2543 deferre
1485 2509 1638 2544 importune
1662 2508 1706 2534 hic
1724 2507 1895 2535 interiectam

1156 2553 1278 2580 delemus
1298 2556 1336 2585 (R.
1359 2555 1406 2583 Τ.).

1191 2598 1206 2624 “2
1227 2597 1293 2624 itate
1313 2597 1379 2624 edit.
1400 2597 1480 2625 Main.
1502 2596 1567 2633 legit
1587 2597 1767 2625 decernentes
1787 2596 1824 2632 (n.
1845 2597 1893 2630 ·r.).

1810 203 1851 236 73
1897 213 1944 239 An.
1964 213 1992 238 ⁴1.
2017 212 2085 238 iseo
