2254 3225
269 191 319 218 Λη.
340 192 369 218 c.
390 191 458 218 1092
502 180 567 215 4202

1040 190 1219 218 BULLARIUM
1243 192 1397 218 nottANUM

1981 192 2029 222 Ᾱη.
2045 197 2074 223 C.
2097 191 2162 224 ttae

461 240 593 273 alterius
619 241 741 284 gratiae
772 251 832 284 per
863 232 917 275 eos
948 241 1092 286 desuper
1116 252 1195 285 quo-
1239 247 1268 273 et
1286 243 1458 276 verborum
1477 243 1683 287 expressione
1705 253 1901 284 concessam,
1920 255 1972 288 ap-

462 294 643 328 modolibet
673 305 733 338 pro
759 300 906 338 tempore
931 295 1104 335 obtentae,
1129 306 1197 327 mo-
1238 296 1404 337 probatain
1431 302 1462 329 et
1486 297 1668 330 innovatam
1693 298 1914 331 auctoritatem
1941 304 1972 331 et

461 357 529 380 ram
555 347 684 380 trahere
709 354 852 391 possent,
873 353 912 387 et,
931 348 955 380 si
981 348 1015 380 in
1040 348 1085 380 eis
1109 357 1196 379 rese-

462 400 586 433 dissent
605 402 655 434 vel
680 401 801 444 reperti
828 401 983 441 fuissent,
1009 399 1093 443 capi,
1121 399 1198 432 deti-

461 453 532 486 neri
558 459 590 486 et
613 453 828 493 incarcerari,
854 464 891 485 ac
915 453 1001 485 iuxta
1025 452 1195 485 criminum

464 511 495 538 et
524 516 714 539 excessuum
749 516 808 548 per
844 516 898 538 eos
935 510 1195 548 perpetratorum

464 559 651 602 qualitatem
677 564 708 591 et
732 559 911 591 litterarum
935 558 981 590 Pii
1007 557 1198 600 praedeces-

463 611 545 644 soris
570 611 753 644 huiusmodi
772 616 929 650 tenorem,
949 611 1006 643 sub
1031 610 1144 653 poenis
1166 610 1196 642 in

464 664 581 697 iisdem
613 664 730 697 litteris
762 663 939 701 contentis,
963 674 1022 707 per
1045 663 1197 696 officiales

464 717 613 757 civitatis,
640 722 758 757 terrae,
783 717 878 750 castri
907 718 955 750 vel
980 717 1060 757 loci,
1081 717 1113 748 in
1136 727 1198 759 qua

464 770 513 802 vel
539 770 571 801 in
597 779 661 812 quo
687 769 883 812 deprehensi
910 769 1055 809 fuissent,
1081 769 1197 802 debitis

465 822 580 865 poenis
604 823 711 866 plecti,
729 833 786 855 seu
810 823 885 856 inde
911 823 1013 865 educi,
1039 828 1070 856 et
1094 823 1132 855 ad
1155 823 1198 855 fo—

466 886 547 915 rum,
574 886 630 909 seu
656 875 810 909 officiales
826 903 833 915 ,
858 877 895 910 ad
922 886 1003 920 quos
1026 876 1197 908 criminum

466 934 498 960 et
514 938 699 962 excessuum
717 929 906 962 eorumdem
924 928 1048 972 punitio
1073 929 1112 963 de
1130 928 1198 960 iure

465 983 514 1015 vel
532 982 764 1015 consuetudine
789 982 985 1026 pertinebat,
1003 981 1123 1015 remitti
1146 981 1199 1014 de-

465 1034 589 1075 berent‚
608 1035 754 1068 extendit
772 1040 802 1067 et
823 1035 1006 1078 ampliavit·,
1026 1039 1058 1067 et
1082 1034 1200 1067 nihilo-

465 1088 573 1121 minus
589 1087 697 1121 omnia
713 1093 744 1120 et
757 1087 894 1130 singula,
911 1092 1008 1131 prout
1021 1098 1079 1131 per
1095 1087 1196 1127 Pium,

465 1140 588 1173 Sixtum
613 1144 644 1174 et
667 1140 748 1173 alios
783 1141 1050 1184 praedecessores
1074 1139 1199 1183 praedi-

464 1198 533 1227 ctos
557 1197 683 1233 statuta,
710 1193 869 1233 ordinata,
896 1193 1042 1233 inhibita,
1070 1194 1199 1226 decreta

465 1251 496 1278 et
520 1246 669 1279 ordinata
694 1246 832 1285 fuerant,
855 1246 936 1278 itaut
957 1246 1054 1280 duces
1070 1272 1077 1285 ,
1104 1246 1199 1278 baro-

413 1296 416 1298 ’
464 1309 533 1339 nes,
559 1299 777 1339 marchiones,
802 1299 952 1338 comites,
974 1299 1096 1332 domini
1123 1304 1199 1331 tem-

464 1353 611 1396 porales,
637 1352 770 1392 vicarii,
792 1352 961 1385 feudatarii
976 1378 984 1391 ,
1018 1352 1198 1395 capitanei,

464 1409 639 1447 magnates,
665 1404 842 1448 principes,
867 1405 1127 1443 communitates,
1153 1405 1196 1436 ci-

464 1469 526 1498 ves,
545 1458 708 1498 officiales
731 1463 763 1491 et
786 1467 958 1501 personae,
978 1468 1014 1491 ac
1034 1458 1099 1498 alii,
1117 1468 1197 1501 quos

464 1511 564 1554 ipsius
588 1510 774 1551 Clementis,
791 1515 823 1543 et
847 1510 983 1543 aliorum
1008 1510 1198 1553 praedeces-

463 1574 572 1597 sorum
607 1563 829 1608 praefatorum
864 1563 993 1596 litterae
1023 1573 1197 1596 concerne-

462 1622 547 1658 rent,
575 1627 612 1650 ac
634 1617 780 1661 ipsorum
805 1617 934 1659 singuli,
959 1616 1084 1650 litteras
1109 1622 1141 1649 et
1165 1617 1196 1649 in

463 1670 509 1703 eis
531 1675 685 1703 contenta
709 1669 874 1703 hiusmodi
897 1680 961 1702 non
978 1669 1195 1709 observantes,

462 1728 495 1756 et
518 1723 583 1756 illis
607 1722 854 1766 quomodolibet
886 1722 1006 1755 directe
1038 1723 1085 1755 vel
1111 1723 1196 1756 indi-

462 1781 550 1810 recte
564 1775 851 1817 contravenientes,
868 1780 899 1808 et
912 1775 958 1808 eis
972 1775 1196 1817 adhaerentes,

462 1838 638 1873 eorumque
664 1829 808 1862 fautores
834 1833 865 1861 et
889 1829 1074 1872 complices,
1093 1829 1197 1872 singu-

461 1883 509 1916 las
533 1892 686 1916 censuras
718 1887 750 1915 et
783 1892 908 1926 poenas
941 1882 1124 1925 praedictas
1156 1892 1194 1916 eo

461 1936 533 1979 ipso
557 1936 679 1979 absque
711 1936 773 1968 alia
801 1935 1019 1969 declaratione
1051 1935 1195 1970 incurre-

461 1994 543 2029 rent,
561 1994 593 2022 et
609 1988 784 2022 incurrisse
810 1994 1021 2022 censerentur
1044 1989 1083 2021 de
1101 1999 1193 2022 novo:

462 2047 502 2082 et,
516 2052 557 2075 ne
581 2041 719 2075 facilitas
743 2042 856 2075 veniae
880 2042 1078 2075 incentivum
1100 2053 1194 2085 prae-

460 2095 555 2127 beret
578 2094 799 2138 delinquendi,
826 2093 992 2137 quibusvis
1017 2095 1120 2128 dictae
1140 2095 1195 2128 Se-

461 2147 510 2181 dis
535 2147 656 2190 legatis,
673 2147 769 2180 etiam
796 2148 834 2180 de
860 2148 970 2188 latere,
998 2158 1032 2180 ac
1057 2149 1191 2189 nunciis,

462 2207 494 2234 et
510 2201 747 2244 provinciarum
766 2201 954 2241 rectoribus,
972 2211 1101 2234 necnon
1120 2207 1194 2234 tuuc

460 2255 525 2288 suis
550 2259 582 2287 et
606 2253 708 2286 dictae
732 2254 895 2287 Romanae
927 2253 1088 2287 Ecclesiae
1112 2255 1193 2287 vica-

460 2307 517 2340 riis
541 2306 575 2339 in
598 2306 844 2349 temporalibus,
867 2316 928 2349 pro
953 2312 1099 2350 tempore
1132 2308 1194 2340 exi-

460 2360 619 2393 stentibus
634 2386 642 2400 ,
668 2364 700 2391 et
722 2359 875 2401 praefatis
911 2360 1193 2393 communitatibus

461 2422 590 2446 omnem
614 2421 714 2455 super
731 2411 988 2444 absolutionibus
1004 2412 1194 2445 homicidio-

460 2476 530 2499 rum
545 2464 729 2499 huiusmodi
745 2475 803 2508 per
819 2465 967 2497 eumdem
982 2464 1190 2507 Clementem,

460 2519 593 2563 eiusque
627 2527 853 2551 succcessores
878 2517 1039 2550 Romanos
1063 2518 1193 2550 Pontifi-

460 2582 526 2613 ceS,
545 2582 582 2606 ac
594 2571 709 2605 Sedem
728 2571 872 2604 eamdem
886 2571 945 2604 sub
964 2570 1073 2613 quavis
1093 2571 1192 2604 forma

1239 348 1422 381 facultatem
1447 350 1625 389 revocavit,
1651 351 1804 391 cassavit,
1839 351 1972 384 irritavit

1239 407 1270 434 et
1294 403 1482 444 annullavit,
1501 409 1541 444 et,
1563 404 1589 436 si
1616 404 1747 446 quando
1773 405 1894 437 similes
1919 405 1972 437 ab-

1238 454 1416 487 solutiones
1429 465 1487 498 per
1501 457 1648 489 eumdem
1663 456 1869 496 Clementem,
1889 458 1972 490 eius-

1239 518 1301 549 que
1320 517 1522 542 successores
1547 508 1710 541 Romanos
1734 509 1916 550 Pontifices,
1935 521 1972 544 ac

1238 558 1352 591 Sedem
1376 561 1553 603 praefatam
1587 561 1721 594 concedi
1759 563 1969 605 contigisset,

1240 611 1309 643 illas
1337 622 1394 654 per
1419 611 1542 645 iudices
1567 618 1597 645 et
1621 613 1776 647 officiales
1792 640 1799 654 ,
1827 615 1865 647 ad
1891 625 1971 658 quos

1239 664 1452 706 pertinerent,
1480 665 1538 697 nisi
1566 666 1668 699 trinae
1693 666 1817 700 litterae
1843 674 1972 711 aposto-

1241 716 1319 749 licae
1345 718 1403 749 sub
1437 718 1608 751 intervallo
1641 719 1738 752 unius
1767 721 1887 754 mensis
1912 732 1971 764 pro

1240 769 1373 811 singulis
1392 771 1505 803 litteris
1527 771 1710 805 huiusmodi
1732 783 1804 806 cum
1819 776 1974 817 expressa

1241 822 1450 865 derogatione
1475 825 1660 858 earumdem
1679 825 1778 869 ipsius
1802 826 1974 859 Clementis

1241 877 1503 919 praedecessoris
1525 878 1706 911 litterarum
1731 879 1876 922 desuper
1892 891 1975 913 enia-

1241 934 1394 969 nassent,
1418 930 1601 962 nullatenus
1634 931 1757 963 admitti
1789 933 1838 965 vel
1868 933 1976 966 ohser-

1241 981 1307 1013 vari
1332 982 1454 1020 voluit,
1482 987 1513 1015 et
1538 983 1626 1022 alifis,
1652 989 1749 1026 prout
1772 984 1805 1016 in
1830 984 1974 1018 eiusdem

1240 1033 1413 1066 Clementis
1430 1035 1546 1068 litteris
1563 1046 1646 1068 anno
1664 1036 1898 1070 lucarnationis
1921 1038 1976 1070 do-

1240 1087 1377 1120 minicae
1402 1097 1528 1127 nioxxw,
1554 1088 1659 1131 pridie
1685 1089 1755 1121 idus
1781 1089 1871 1129 iunii,
1895 1101 1976 1133 pon-

1242 1140 1377 1172 tificatus
1402 1141 1450 1172 sui
1488 1151 1573 1173 anno
1606 1152 1614 1174 1
1641 1142 1782 1185 desuper
1811 1144 1974 1187 expeditas

1240 1193 1373 1225 uberius
1399 1194 1595 1226 continetur.

1284 1246 1298 1288 ἓ
1323 1245 1354 1278 4.
1382 1246 1589 1279 Postmodum
1627 1247 1768 1281 eiusdem
1798 1249 1974 1282 memoriae
2007 1257 2167 1278 Apiotvcon-

1986 1285 2079 1304 ttrimtao
2089 1300 2093 1307 .
2109 1285 2167 1304 inna-

1241 1297 1315 1331 Pius
1336 1299 1420 1342 Papa
1438 1300 1483 1339 IV,
1502 1300 1624 1343 pariter
1644 1302 1877 1344 praedeeessor
1901 1313 1974 1335 nos—
1987 1313 2046 1330 unae
2062 1313 2082 1330 οι
2098 1311 2167 1331 «ιι-νυ-

1986 1340 2044 1356 tutae
2084 1337 2168 1357 suarm-t

1243 1357 1301 1389 ter,
1320 1352 1429 1384 habita
1450 1363 1548 1396 super
1572 1354 1623 1385 his
1649 1365 1721 1386 cum
1741 1354 1890 1387 fratribus
1908 1356 1972 1387 suis
1986 1364 2165 1410 &ynffnigiussn-fi,

1240 1404 1270 1436 S.
1291 1404 1327 1436 R.
1347 1405 1381 1437 E.
1409 1406 1626 1438 cardinalibus
1652 1406 1887 1440 deliberatione
1909 1403 2079 1462 ¹¹¹³'i'1',›v¹i¹
2100 1396 2127 1410 Ἡ

1242 1459 1322 1497 tura,
1346 1463 1375 1490 et
1397 1459 1436 1490 de
1461 1459 1590 1491 illorum
1614 1459 1756 1491 unanimi
1782 1460 1918 1492 consilio
1942 1466 1974 1493 et
2005 1460 2008 1461 ⁷
2060 1458 2065 1463 ’

1241 1520 1384 1551 assensu,
1411 1511 1523 1544 iisdem
1549 1511 1652 1545 modis
1673 1517 1705 1544 et
1728 1512 1829 1544 forma
1853 1513 1974 1555 praedi-

1240 1563 1296 1596 ctis
1321 1563 1439 1607 quibus
1458 1564 1542 1596 idem
1568 1564 1716 1597 Clemens
1742 1565 1975 1608 praedecessor

1241 1616 1362 1649 litteras
1387 1627 1519 1649 suorum
1544 1618 1835 1661 praedecessorum
1860 1619 1976 1652 confir-

1240 1675 1379 1703 maverat
1402 1676 1434 1703 et
1458 1671 1658 1711 extenderat,
1684 1671 1753 1713 ipse
1779 1671 1899 1714 pariter
1924 1672 1974 1704 lit-

1241 1729 1323 1756 teras
1352 1728 1545 1756 memoratas
1566 1723 1709 1756 eiusdem
1728 1723 1918 1765 Clementis,
1942 1731 1973 1757 et

1239 1778 1375 1810 aliorum
1394 1777 1695 1820 praedecessorum,
1713 1789 1785 1810 cum
1800 1779 1912 1811 eadem
1925 1789 1973 1811 ex-

1239 1830 1404 1873 pressione
1432 1835 1462 1862 et
1486 1830 1693 1869 extensione,
1712 1836 1743 1864 et
1766 1841 1839 1863 eum
1865 1831 1971 1871 simili,

1239 1889 1273 1916 ut
1286 1883 1474 1926 praefertur,
1493 1883 1710 1924 revocatione,
1726 1884 1915 1925 cassatione,
1937 1885 1963 1916 ir

1238 1936 1389 1969 ritatione
1411 1941 1442 1968 et
1461 1936 1681 1969 annullatione
1708 1936 1812 1970 omnis
1836 1940 1972 1971 auctori-

1238 1990 1308 2022 tatis
1334 1994 1366 2022 et
1391 1989 1551 2022 facultatis
1576 1989 1680 2022 dictae
1712 1989 1804 2022 Sedis
1830 1990 1945 2033 legatis
1962 2018 1969 2031 ,

1237 2042 1331 2076 etiam
1358 2043 1396 2075 de
1422 2043 1530 2081 latere,
1557 2042 1691 2085 aliisque
1717 2043 1893 2085 praedictis
1919 2054 1971 2075 su-

1237 2105 1295 2138 per
1312 2095 1572 2128 absolutionibus
1593 2095 1842 2128 homicidiorum
1860 2096 1971 2129 huius—

1237 2147 1320 2181 modi
1340 2158 1398 2190 per
1422 2147 1571 2180 eumdem
1596 2146 1686 2181 Pium
1705 2147 1820 2191 Papam
1839 2147 1874 2180 lV
1892 2149 1970 2181 eius-

1236 2211 1296 2244 que
1323 2200 1590 2243 praedecessores
1615 2199 1775 2233 Romanos
1795 2201 1969 2234 Pontifices

1235 2265 1271 2286 ac
1295 2254 1410 2287 Sedent
1437 2254 1582 2286 eamdem
1604 2254 1663 2286 sub
1689 2254 1800 2297 quavis
1822 2254 1922 2288 forma
1939 2261 1969 2287 et

1236 2307 1407 2340 verborum
1426 2306 1635 2350 expressione
1655 2316 1838 2347 concessae,
1855 2318 1970 2351 appro—

1235 2361 1326 2393 batae
1345 2366 1376 2393 et
1395 2359 1578 2401 innovatae,
1597 2370 1723 2393 necnon
1749 2370 1820 2393 cum
1845 2361 1967 2401 eadem,

1235 2419 1269 2446 ut
1292 2414 1496 2457 praefertur,
1528 2413 1691 2446 voluntate
1731 2423 1788 2446 seu
1814 2414 1965 2453 decreto,

1235 2466 1259 2498 si
1285 2470 1317 2499 et
1341 2465 1470 2509 quando
1505 2465 1625 2498 similes
1658 2465 1881 2499 absolutiones
1906 2477 1967 2509 per

1234 2518 1382 2552 eumdem
1400 2518 1488 2550 Pium
1506 2517 1542 2550 lv
1558 2517 1695 2561 eiusque
1713 2529 1916 2552 successores
1935 2525 1966 2551 et

1234 2572 1348 2604 Sedent
1380 2570 1577 2614 praedictam
1602 2571 1735 2604 concedi
1763 2572 1963 2615 contigisset,

2072 1416 2167 1437 Cli-men-
