2254 3225
192 243 241 270 An.
259 243 288 270 c.
315 243 382 270 1005
428 233 492 267 681(

245 1840 378 1862 Prooemium

196 1874 219 1888 nx
231 1868 331 1893 temporis
343 1873 378 1891 (ιρ-

195 1897 324 1920 rorunntate
343 1899 377 1920 pe·
389 1896 492 1926 mam,
520 1885 628 1918 divino
656 1889 793 1917 testante
818 1883 963 1917 oraculo.
990 1883 1147 1929 Diffiteri}

389 1949 466 1972 sane
492 1949 557 1971 non
589 1949 761 1982 possumus
794 1937 941 1970 eamdem
975 1947 991 1970 e
1025 1932 1147 1970 dilato?

195 1924 262 1941 titum.

385 301 491 331 nymus
507 290 674 331 Cocquelin,
698 290 812 330 collegii
827 290 959 322 Dolensis
976 291 1122 330 principa-

387 340 423 369 lis
445 343 473 370 et
495 341 652 370 comitatus
675 340 860 379 Burgundiae
882 340 1037 377 visitator3
1060 348 1121 368 rev.

385 388 521 418 dominus
543 389 677 419 Claudius
693 389 727 418 de
743 389 821 427 Vert,
846 388 1044 418 thesaurarius
1062 387 1123 417 Clu-

386 437 551 475 niacensis3
569 447 629 467 rev.
647 437 785 467 dominus
800 437 861 467 Odo
885 436 1024 474 Bernard,
1045 436 1124 474 prior

387 485 431 515 Ss.
456 486 534 515 Petri
557 490 586 515 et
608 486 689 515 Pauli
705 486 739 515 de
756 485 892 521 ltadoti03
909 494 969 514 rev.
989 484 1123 513 dominus

385 534 529 564 Eusebius
562 535 597 564 (16
630 534 811 564 Combronne
827 557 834 571 ,
859 533 937 572 prior
960 532 1123 562 claustralis

384 582 430 613 Ss.
448 582 525 612 Petri
541 587 569 612 et
591 582 672 611 Pauli
691 582 724 611 de
746 581 927 620 Sylviniac03
946 590 1007 610 rev.
1032 580 1123 610 domi-

385 640 441 661 nus
464 631 545 669 Hugo
561 630 684 668 Cleuzel,
703 630 782 669 prior
804 629 967 659 claustralis
983 629 1026 659 Ss.
1045 628 1124 658 Petri

384 684 413 710 61
434 680 515 710 Pauli
538 680 573 709 de
595 679 769 716 Coinciaco;
792 689 853 709 rev.
877 679 1012 709 dominus
1034 678 1125 708 Anto-

385 729 453 758 nius
475 728 594 765 Tevein,
610 728 737 758 decanus
755 731 783 757 et
805 727 884 767 prior
907 727 1071 757 claustralis
1089 727 1123 756 de

384 778 538 817 Moyrac03
561 787 623 808 rev.
657 777 792 808 dominus
824 777 947 807 Ioannes
980 776 1123 806 Henricus

385 827 420 857 de
448 827 583 864 Barbon,
608 827 687 867 prior
717 830 745 856 et
777 826 957 856 camerarius
991 825 1145 869 abbatiae,

932 883 997 903 rev.
1031 872 1144 903 domi-I

383 934 440 954 nus
471 924 633 954 Ildefonsus
664 923 821 961 Sarrazin,
846 923 925 963 prior
957 917 1145 952 claustralis*

383 875 413 906 S.
445 875 599 906 Theosredi
634 875 894 911 Monasteriensis3

384 973 413 1003 S.
437 973 552 1003 Martini
575 982 590 1002 a
612 972 737 1012 Campis,
758 981 856 1001 sacrae
881 971 1042 1009 theologiae
1059 980 1124 1010 pro-

384 1023 496 1059 sessor3
520 1031 582 1052 rev.
614 1022 749 1052 dominus
778 1021 940 1050 Ludovicus
962 1020 1120 1058 Moureau,

384 1071 465 1111 prior
481 1070 594 1109 collegii
615 1070 813 1101 Cluniacensis
829 1070 858 1099 in
881 1069 999 1099 titulum
1022 1068 1123 1098 doctor

384 1168 542 1205 Nesmond,
559 1168 639 1207 prior
661 1167 826 1197 claustralis
848 1167 882 1196 de
899 1166 1019 1196 Abbatis
1037 1166 1122 1203 Vitta,

385 1227 447 1248 rev.
461 1218 597 1247 dominus
613 1217 734 1247 Ioannes
748 1217 874 1255 Baptista
887 1216 1032 1252 Graviers,
1043 1216 1124 1254 prior

385 1266 550 1296 claustralis
572 1265 600 1296 S.
625 1265 752 1295 Marcelli
775 1265 809 1294 de
831 1265 972 1300 Sauzeto,
996 1274 1057 1294 rev.
1075 1264 1125 1294 do-

385 1314 482 1344 minus
505 1314 639 1344 Claudius
662 1313 787 1350 ltoland,
813 1313 893 1352 prior
910 1313 1072 1342 claustralis
1089 1313 1124 1342 de
1144 1326 1145 1331 =

385 1362 541 1399 Thiziaco;
571 1372 631 1392 rev.
655 1362 789 1392 dominus
818 1362 938 1391 Michael
961 1362 1063 1391 Petrus
1086 1361 1124 1390 du
1145 1388 1146 1393 ,

385 1411 505 1451 Perray,
528 1412 607 1451 prior
630 1411 793 1441 claustralis
812 1411 846 1440 de
868 1410 1123 1448 Nogentorotrodi.
1145 1421 1146 1454 3

1144 1481 1145 1487 ,
1167 1465 1258 1487 mnes
1277 1454 1415 1495 adiuvet,
1435 1455 1598 1487 confortet
1616 1460 1646 1487 et
1660 1454 1779 1487 Christi
1798 1453 1901 1486 saciat.

1145 1512 1146 1531 ³
1167 1508 1290 1551 Regem
1315 1519 1389 1541 vcro
1413 1508 1571 1541 habemus
1597 1508 1827 1551 opitulantem,
1853 1517 1905 1540 re-

425 1458 572 1488 Amatores
594 1467 750 1487 causamme:
788 1458 845 1486 tev.
866 1457 1000 1486 dominus
1016 1457 1123 1486 Paulus

385 1505 547 1543 Rabuffon,
569 1505 804 1535 subcamerarius
826 1505 1044 1542 Cluniacensis3
1062 1514 1122 1534 rev.

387 1552 521 1582 dominus
543 1551 689 1590 Benignus
705 1552 739 1582 de
758 1551 836 1589 Vert,
862 1551 940 1590 prior
962 1551 1125 1581 claustralis

388 1599 423 1629 de
444 1599 561 1628 Lehuno
583 1599 612 1628 in
635 1597 781 1635 Sanguine
803 1597 895 1627 Jerso.

427 1646 572 1674 Auditores
593 1645 809 1673 excusationum:
835 1644 904 1673 Rev.
928 1642 1062 1673 dominus
1084 1643 1127 1672 Ia-

388 1690 476 1721 cobus
499 1691 535 1720 de
557 1691 582 1720 la
606 1690 690 1720 Motte
720 1690 799 1728 prior
822 1689 986 1719 claustralis
1007 1689 1037 1719 S.
1060 1689 1126 1719 Dio-

387 1737 463 1776 nysii
478 1737 513 1767 de
535 1736 674 1773 Carcere3
691 1745 751 1766 rev.
769 1735 904 1766 dominus
927 1736 1049 1765 Ioannes
1071 1736 1126 1765 Ma-

388 1784 447 1822 rin,
472 1783 550 1823 prior
574 1783 608 1813 de
630 1783 767 1813 Sezanna.

439 1845 452 1864 <t
477 1833 580 1876 Spes,
610 1842 692 1875 quae
718 1831 884 1871 dill'ertur,
917 1830 1029 1872 affligit
1056 1831 1123 1863 ani-

388 1992 476 2024 hono
495 1991 702 2024 affiictionem
728 1990 760 2022 in
785 1989 957 2022 maximum
979 1989 1126 2032 spiritua-

388 2044 428 2077 lis
454 2044 597 2077 laetitiae
623 2048 849 2085 argumentum
875 2042 1042 2082 converti,
1069 2042 1125 2075 ubi
1146 2074 1147 2079 ,

1145 2092 1209 2129 {Ex
1235 2095 1307 2127 aula
1331 2093 1474 2136 denique
1502 2092 1685 2126 convolavit
1710 2091 1810 2124 abbas
1830 2091 1905 2123 emi-

389 2097 446 2137 illi,
474 2097 527 2140 qui
553 2096 669 2129 sitiunt
693 2096 854 2135 iustitiam,
874 2100 905 2127 et
927 2100 1000 2128 ante
1018 2095 1126 2128 onmia

390 2150 512 2182 debent
537 2159 672 2191 regnum
706 2148 761 2181 Dei
793 2158 972 2191 quaerere,
996 2148 1126 2181 videant

391 2203 657 2246 appropinquare
695 2207 822 2244 tempus
859 2201 1059 2245 acceptabile
1093 2207 1125 2235 et

391 2255 460 2288 dies
489 2255 610 2288 salutis.
645 2253 751 2286 Tunc¹
784 2253 869 2287 enim
902 2254 1125 2288 sollicitudine

390 2319 455 2342 non
469 2308 566 2351 pigri,
583 2307 615 2339 in
633 2307 834 2340 restituendo
852 2318 910 2350 pro
926 2307 1047 2340 viribus
1066 2319 1126 2351 per

392 2362 522 2395 decreta
547 2360 679 2403 capituli
706 2360 865 2403 generalis
891 2361 973 2394 sacri
997 2361 1125 2394 Ordinis

391 2413 612 2448 Cluniacensis
649 2413 724 2445 anni
759 2423 926 2446 uncmxxv
961 2414 1125 2456 primaevo

390 2467 498 2501 nitore
519 2472 549 2500 et
573 2467 759 2509 splendore,
779 2477 836 2509 spe
858 2466 1036 2508 gaudentes
1063 2467 1125 2499 iam

391 2531 512 2554 sumus.
538 2520 603 2553 Vox
629 2520 764 2553 turturis
790 2520 899 2553 audita
925 2526 983 2559 est,
1013 2521 1125 2553 vineae

393 2574 553 2607 dederunt
577 2573 710 2607 odorem
729 2583 830 2613 suum,
850 2573 945 2605 flores
971 2583 1127 2616 apparue—

429 2637 441 2663 1
463 2635 563 2663 Forsan
582 2635 665 2663 Nunc
684 2634 827 2670 legendum
846 2638 884 2669 (a.
900 2635 947 2668 τ.),

963 239 1143 266 BULLARIUM
1166 239 1321 264 ROMANUM

1165 294 1241 321 runt
1265 288 1297 321 in
1323 287 1408 321 terra
1425 286 1542 326 nostra,
1563 295 1635 318 mox
1655 283 1756 317 daturi
1776 283 1897 317 fructus

1165 343 1361 382 uberrimos,
1388 342 1506 374 fructus
1530 339 1681 384 pietatis,
1708 338 1843 371 honoris
1868 343 1899 371 et

1165 396 1360 429 honestatis.
1387 395 1557 437 Nunquam
1581 403 1678 437 porro
1696 393 1797 425 maior
1821 391 1899 425 fidu-

1165 448 1213 480 cia
1226 459 1282 481 cor
1295 453 1441 480 nostrum
1463 447 1501 480 ad
1522 446 1644 479 bonum
1661 445 1898 489 perficiendum

1165 500 1342 533 accendere
1369 501 1487 540 debet,
1516 510 1611 543 quam
1646 499 1720 531 dum
1752 498 1899 531 videmus

1165 554 1317 595 colligata
1341 558 1373 586 et
1398 553 1483 585 inter
1514 563 1548 585 se
1580 551 1799 594 conglutinata
1827 561 1901 584 san-

1165 606 1315 638 ctissimis
1339 605 1534 639 concordiae
1552 605 1687 638 vinculis
1703 609 1776 637 vota
1794 609 1826 637 et
1846 604 1901 637 de-

1165 658 1284 692 sideria
1308 659 1425 691 summi
1450 658 1573 691 domini
1594 658 1694 691 nostri
1718 657 1900 690 Innocentii

1165 711 1268 755 Papae
1293 712 1345 744 XII
1371 717 1401 744 et
1427 711 1512 754 regis
1545 721 1621 744 vere
1654 711 1802 754 augusti,
1825 721 1900 743 vere

1164 765 1293 807 magni,
1318 770 1353 797 ut
1383 764 1672 797 eminentissimum
1705 764 1901 797 cardinalem

1165 817 1364 850 Bullionium
1389 817 1538 850 abbatem
1574 822 1720 850 nostrum
1751 821 1783 850 et
1807 821 1903 860 caput

1166 872 1261 904 totius
1296 877 1427 904 nostrae
1461 870 1729 914 Congregationis
1765 870 1902 903 auctori-

1166 930 1228 957 tate
1255 927 1313 957 sua
1345 925 1375 957 in
1410 924 1620 957 restauranda
1653 923 1828 967 disciplina
1853 934 1903 957 ι·6-

1165 977 1271 1020 gulari
1308 977 1436 1010 Ordinis
1472 977 1695 1010 Cluniacensis
1733 977 1900 1017 adiuvent,

1165 1030 1292 1063 faveant
1310 1035 1341 1063 et
1353 1034 1535 1073 protegant.
1552 1029 1579 1062 Is
1594 1034 1641 1062 est
1661 1029 1811 1062 Summus
1825 1029 1903 1062 Pon-

385 1120 391 1125 ,
579 1119 584 1124 ,
822 1118 828 1123 ,
1144 1099 1145 1118 1
1166 1083 1252 1124 tifex,
1278 1083 1351 1126 qui,
1377 1082 1536 1115 sollicitus
1566 1082 1731 1125 quomodo
1756 1082 1812 1114 uni
1836 1083 1902 1115 Deo

383 1129 414 1149 m
431 1123 555 1158 utroque
577 1128 658 1155 iure,
676 1128 734 1148 rev.
752 1119 886 1148 dominus
909 1117 1072 1156 Stephanus
1088 1117 1123 1147 de
1144 1121 1145 1130 ¹

1166 1136 1300 1179 placeat,
1328 1136 1528 1178 evangelizat
1556 1135 1768 1179 pauperibus,
1786 1145 1903 1178 panem

1144 1219 1146 1223 ,
1166 1189 1308 1231 parvulis
1335 1188 1466 1231 frangit,
1494 1188 1549 1231 qui
1573 1188 1727 1231 intelligit
1751 1198 1847 1231 super
1871 1198 1904 1220 6-

1144 1252 1146 1256 ⁴
1167 1252 1285 1284 genum
1311 1247 1343 1274 et
1366 1252 1564 1285 pauperem,
1590 1242 1644 1285 qui
1671 1242 1768 1274 surdo
1794 1241 1902 1281 auris,

1167 1295 1284 1328 claudo
1310 1295 1466 1336 baculus,
1492 1296 1605 1328 oculus
1630 1305 1747 1337 caeco,
1775 1295 1905 1327 demum

1167 1349 1317 1381 omnibus
1344 1348 1453 1381 omnia
1471 1349 1571 1381 sactus
1593 1354 1640 1381 est
1661 1353 1797 1392 propter
1813 1347 1905 1381 Chri-

1167 1406 1262 1441 stum,
1287 1401 1378 1434 cuius
1408 1401 1494 1434 vices
1519 1401 1601 1444 gerit
1625 1401 1657 1433 in
1688 1404 1785 1441 terra,
1812 1406 1847 1433 ut
1870 1410 1904 1433 0-

1168 1571 1240 1604 gcm
1265 1571 1359 1604 quem
1392 1561 1473 1594 Deus
1509 1561 1547 1593 de
1573 1566 1683 1593 monte
1709 1565 1821 1593 sancto
1846 1570 1903 1593 suo

1167 1619 1338 1647 conservet
1362 1619 1394 1646 et
1419 1613 1567 1653 vivificet,
1589 1623 1700 1656 regem
1726 1613 1902 1646 secundum

1167 1678 1223 1701 cor
1247 1678 1362 1707 suum;
1390 1667 1452 1710 qui,
1479 1667 1555 1700 dum
1585 1667 1711 1700 excelsa
1743 1677 1760 1699 a
1784 1665 1903 1698 finibus

1168 1725 1273 1753 terrae
1304 1720 1458 1760 abstulit,
1494 1719 1707 1762 opprobrium
1739 1718 1829 1751 illico
1865 1719 1904 1750 31)

1167 1773 1265 1806 Israel
1284 1772 1423 1811 sustulit,
1445 1777 1477 1804 et
1501 1777 1644 1804 veterem
1670 1771 1788 1804 delevit
1812 1771 1906 1813 igno-

1145 1826 1319 1866 Ιῐ111111313;
1354 1825 1417 1868 qui,
1444 1824 1659 1858 irascentibus
1687 1824 1814 1864 frustra,
1842 1824 1905 1856 sre-

1166 1880 1327 1912 mentibus
1352 1884 1384 1912 et
1411 1879 1651 1912 tabescentibus
1681 1878 1810 1921 populis
1839 1877 1904 1910 illis

1168 1934 1221 1977 qui
1246 1938 1407 1976 ruperunt
1430 1938 1524 1975 pacta
1550 1932 1732 1966 testamenti
1756 1931 1813 1964 Dei
1831 1931 1904 1971 vivi,

1167 1997 1281 2020 ornnes
1310 1987 1341 2018 in
1368 1996 1467 2018 unum
1503 1986 1673 2028 colligatos
1708 1984 1848 2017 conterit
1872 1984 1904 2016 in

1167 2040 1304 2074 circuitu
1323 2046 1354 2073 et
1378 2040 1410 2072 in
1436 2040 1663 2082 magnitudine
1687 2038 1814 2071 brachii
1842 2038 1902 2070 sui.

1167 2147 1388 2186 nentissimus,
1410 2146 1561 2188 qui‚cum
1586 2146 1626 2178 sit
1651 2145 1689 2177 de
1714 2144 1836 2176 semine
1861 2143 1904 2174 vi-

1167 2211 1279 2234 rorum
1311 2200 1442 2233 illorum
1471 2209 1532 2242 per
1563 2209 1644 2241 quos
1676 2198 1762 2230 salus
1798 2196 1903 2239 primo

1168 2254 1252 2287 sacta
1283 2258 1331 2286 est
1362 2252 1395 2285 in
1425 2252 1546 2285 Ordine
1579 2249 1803 2290 Cluniacensi,
1830 2259 1903 2281 vere

1168 2312 1281 2351 pastor
1302 2311 1334 2339 et
1357 2315 1431 2338 vere
1458 2304 1632 2347 episcopus
1652 2303 1831 2336 animarum
1848 2313 1904 2335 no-

1169 2365 1321 2398 strarum,
1349 2358 1436 2391 venit
1460 2357 1681 2400 evangelizare
1708 2366 1842 2398 pacem,
1873 2361 1904 2387 et

1169 2412 1303 2445 mirifica
1334 2410 1510 2455 prudentia
1541 2408 1792 2451 incredibilique
1823 2407 1905 2441 leni-

1170 2471 1235 2498 tate
1252 2492 1259 2506 ,
1279 2465 1337 2497 sub
1363 2463 1513 2506 auspiciis
1539 2461 1713 2505 pontificiis
1740 2466 1770 2494 et
1794 2461 1903 2504 regiis,

1169 2529 1251 2562 opus
1272 2523 1400 2551 nostrae
1421 2514 1673 2555 restaurationis,
1689 2515 1785 2548 toties
1804 2520 1906 2548 tenta-

1170 2578 1247 2612 tum,
1260 2572 1315 2604 sed
1335 2571 1490 2603 hactenus
1507 2568 1905 2612 incompletum,aggredi,

1171 2630 1202 2659 ct
1227 2625 1321 2658 nobis
1345 2624 1377 2656 in
1402 2633 1499 2655 unum
1526 2622 1787 2665 conspirantibus
1807 2621 1905 2666 perli-

1905 230 1956 258 Α3.
1975 230 2003 259 c.
2021 230 2089 259 1695
