2227 3225
117 230 165 258 An.
183 231 211 258 C.
237 230 304 257 teat)

134 2467 256 2487 minuuntur
278 2473 291 2488 a

107 2493 205 2516 damnus,
236 2495 291 2515 allis-

106 2520 291 2545 iinposttionilffls¹

105 2552 132 2567 ea
149 2549 234 2572 exrvpta
255 2552 293 2573 pro

902 228 1088 253 ALEXAth'n
1114 229 1168 252 rin
1193 229 1241 252 ΓΡ.

309 280 455 313 notarios
474 290 529 313 seu
546 279 742 313 tabelliones
760 276 902 317 creandi,
922 277 1050 320 aliaque

309 333 497 366 huiusmodi
521 332 690 376 privilegia
707 343 724 365 a
741 331 877 365 notariis
897 336 929 364 et
952 330 1051 363 comi-

311 388 397 421 tibus
416 386 570 431 praefatis
587 392 775 431 praetensa,
792 386 875 418 itaut
894 384 958 418 illis
983 385 1052 417 nul-

308 441 367 474 hbi
391 441 438 474 uti
463 440 605 481 valeatis,
624 451 661 473 ac
677 440 804 473 irritum
822 444 854 472 et
874 439 970 471 inane
987 437 1052 470 exi-

309 500 383 536 stat,
410 495 563 538 quicquid
589 504 681 528 secus
706 504 766 537 per
784 504 840 526 vos
862 497 916 526 aut
940 501 1052 534 quem-

307 549 391 582 libet
416 553 556 582 vestrum
581 547 761 591 respective
779 545 929 579 attentari
951 543 1051 577 conti-

309 602 417 644 gerit),
441 611 572 634 necnon
597 601 683 634 cives
708 598 886 643 originarii,
905 598 1000 631 etiam
1017 597 1049 629 in

310 655 511 698 dignitatum,
535 653 768 687 beneficiorum
804 658 836 685 et
869 651 1049 684 officiorum

310 708 603 742 ecclesiasticorum
635 713 668 740 et
696 706 927 744 saecularium,
954 703 1047 737 etiam

309 771 345 794 ex
364 761 512 804 personis
532 761 754 794 Romanorum
772 759 890 792 civium
908 757 1049 800 origina—

307 813 444 848 riorum'
467 813 658 853 vacantium,
678 812 881 846 assecutione
904 817 935 844 et
959 821 1048 843 exer-

308 867 396 907 citio,
421 873 484 900 tam
510 867 542 900 in
569 867 654 900 Urbe
675 877 772 910 quam
792 866 822 898 in
844 865 996 898 omnibus
1017 869 1048 896 et

308 920 443 963 singulis
480 919 660 953 civitatibus
697 918 884 962 praedictis,
913 922 944 950 et
968 917 1047 950 alias

307 973 428 1016 ubique
453 973 598 1006 locorum
616 978 647 1006 et
664 972 818 1015 gentium,
838 981 965 1004 necnon
982 981 1047 1003 scs-

308 1026 436 1060 sionum
455 1031 487 1060 et
505 1031 733 1065 conventuum,
752 1030 897 1065 utuntur,
916 1024 1046 1067 poliun-

308 1084 358 1112 tur
379 1084 410 1112 et
435 1079 586 1122 gaudent,
605 1089 640 1111 ac
658 1078 714 1118 uti,
736 1077 835 1121 potiri
854 1082 886 1110 et
903 1077 1045 1120 gaudere

308 1137 463 1174 poterunt
488 1131 733 1174 quomodolibet
756 1131 789 1163 in
807 1130 959 1169 futurum,
979 1139 1043 1162 non

309 1186 415 1218 solum
433 1185 472 1218 ad
490 1195 602 1217 eorum
620 1185 731 1224 instar,
751 1184 808 1217 sed
826 1183 1046 1227 parisormitor

309 1242 340 1270 et
364 1248 467 1280 aeque
492 1237 717 1280 principaliter
742 1247 778 1269 ac
802 1236 827 1269 si
856 1236 1043 1279 privilegia,

307 1290 485 1330 facultates,
517 1290 752 1333 exemptiones,
785 1290 907 1332 gratiae
939 1294 970 1321 et
999 1289 1046 1322 in-

307 1343 395 1376 dulta
420 1344 608 1376 huiusmodi
635 1354 694 1386 pro
720 1343 811 1376 vobis
829 1348 1043 1382 emanassent,

304 1397 363 1437 uti,
389 1397 487 1440 potiri
509 1402 540 1429 et
565 1397 716 1438 gaudere,
736 1396 821 1428 acin
840 1396 991 1428 omnibus
1014 1401 1045 1429 et

305 1449 440 1492 singulis
466 1449 666 1492 apostolicis,
688 1449 825 1492 aliisque
852 1448 980 1487 littoris,
999 1449 1045 1481 in-

305 1502 494 1535 strumentis
520 1508 551 1535 et
575 1501 742 1545 scripturis
763 1501 901 1544 publicis
926 1507 958 1534 et
982 1502 1044 1545 pri-

304 1556 394 1596 vatis,
413 1557 568 1599 deinceps
593 1556 725 1589 nomine
747 1560 855 1589 vestro
873 1555 1044 1588 conficien-

305 1609 367 1650 dis,
383 1610 539 1649 notarios,
558 1609 702 1649 comites,
721 1609 848 1652 equites
862 1614 894 1642 et
907 1609 1041 1649 nobiles,

304 1673 341 1696 ac
361 1663 400 1695 de
425 1662 528 1696 nobili
555 1672 675 1705 genere
695 1672 730 1695 ex
750 1667 887 1705 utroque
907 1668 1042 1705 parente

303 1720 501 1761 procreatos,
518 1726 647 1749 necnon
665 1714 842 1749 Romanos‘i
859 1720 890 1748 et
909 1716 1043 1749 aliarum

304 1768 465 1801 civitatum
490 1775 521 1801 et
538 1773 696 1801 terrarum
713 1768 808 1808 cives,
827 1773 925 1811 prout
941 1768 1044 1802 libue-

303 1823 362 1862 rit,
386 1833 442 1855 vos
467 1821 650 1855 inscribere
680 1826 712 1854 et
743 1822 808 1855 illis
840 1822 1043 1855 subscribere

304 1874 460 1915 valeatis;
483 1884 519 1907 ac
542 1885 601 1918 pro
625 1874 709 1907 veris
729 1879 760 1906 et
785 1885 849 1907 non
873 1873 955 1907 fictis
981 1885 1037 1908 no-

305 1927 405 1967 tariis,
430 1927 612 1966 comitibus,
638 1927 801 1970 equitibus
820 1932 852 1960 et
868 1928 1041 1968 nobilibus,

304 1993 340 2015 ac
365 1981 487 2015 civibus
513 1981 716 2021 habeamini,
743 1981 908 2024 nihilque,
936 1983 1044 2024 quale-

303 2046 442 2079 cumque
467 2035 547 2068 illud
566 2034 670 2074 fuerit,
690 2045 760 2067 cum
778 2034 817 2067 iis
833 2034 1044 2077 subscriptio-

303 2089 397 2122 nibus
422 2087 650 2130 subreptitium
675 2089 724 2120 vel
755 2087 965 2130 obreptitium
991 2094 1043 2120 aut

302 2141 489 2180 invalidum,
514 2140 569 2173 sed
597 2139 674 2173 illud
701 2139 787 2172 idem
814 2140 924 2173 efficax
950 2141 983 2173 in
1008 2151 1042 2174 o-

301 2194 430 2228 mnibus
448 2198 633 2233 censeatur,
650 2203 778 2226 necnon
793 2193 929 2226 honoris
947 2197 1042 2228 causa

302 2247 441 2290 insignia
457 2246 562 2290 gentis
579 2252 723 2287 nostrae,
741 2246 806 2279 sive
823 2246 960 2290 integre,
976 2247 1041 2282 sive

302 2311 375 2334 cum
395 2299 508 2332 vestris
527 2298 709 2342 respective
727 2299 918 2342 composita,
938 2305 1042 2342 gesta-

301 2365 336 2387 re
361 2353 506 2396 possitis,
533 2357 630 2396 prout
654 2352 743 2385 vobis
768 2353 937 2396 placuerit,
964 2364 1042 2387 con-

302 2407 458 2441 cedimus.

346 2461 360 2504 g
384 2461 415 2493 4.
443 2460 480 2493 Et
505 2459 636 2503 insuper
660 2470 724 2498 vos,
746 2464 916 2503 vestraque
941 2460 1041 2493 bene-

303 2514 374 2547 ficia
392 2519 422 2546 et
441 2512 546 2546 officia
559 2513 790 2553 ecclesiastica,
806 2523 1041 2557 quaecumque,

340 2585 350 2610 1
374 2584 442 2611 Edit.
459 2584 540 2611 Main.
558 2584 622 2619 legit
642 2584 841 2618 originarium
863 2588 899 2614 (n.
920 2583 969 2619 τ.).

339 2629 355 2656 2
376 2629 447 2656 Edit.
465 2629 547 2655 Main.
565 2629 630 2664 legit
648 2629 773 2655 Romani
793 2635 832 2663 tn.
850 2630 898 2664 T.).

391 2684 468 2711 Bau.
494 2683 570 2709 Ῑῖ-ιιιι.
593 2698 625 2702 —
650 2683 710 2710 I'oI.
731 2683 782 2710 XX
925 2681 940 2708 ’ί

1071 374 1078 445 «με,

1093 282 1311 320 quotcumque
1343 282 1375 311 et
1410 279 1668 323 qualiacumque,
1699 280 1828 312 illorum

1094 330 1224 371 fructus,
1243 341 1295 364 res
1312 337 1344 364 et
1361 331 1442 371 iura,
1461 333 1655 376 ubicumque
1674 334 1829 373 locorum,

1094 394 1272 427 regnorum
1297 389 1329 417 et
1353 385 1605 428 provinciarum,
1637 397 1763 419 necnon
1796 387 1829 419 in

1094 436 1187 477 Urbe,
1214 437 1408 478 civitatibus,
1434 439 1529 472 terris
1561 445 1593 472 et
1623 439 1701 472 locis
1726 439 1830 472 eidem

1094 490 1258 524 Romanae
1283 491 1446 525 Ecclesiae
1471 493 1612 526 mediate
1638 494 1687 526 vcl
1721 493 1832 526 imme-

1093 543 1178 577 diate
1204 545 1357 578 subiectis
1382 546 1594 579 consistentia
1617 546 1759 589 praedia,
1779 547 1832 579 do-

1092 607 1175 637 mos,
1203 599 1428 641 possessiones
1453 603 1485 632 et
1510 599 1596 632 bona
1621 599 1832 642 patrimonia-

1092 651 1144 690 lia,
1169 651 1297 695 aliaque
1331 653 1533 695 temporalia,
1558 653 1694 686 mobilia
1719 658 1751 685 et
1776 653 1832 686 ini-

1091 703 1225 738 mobilia
1245 716 1281 738 ac
1305 706 1514 745 semoventia,
1533 716 1659 739 necnon
1686 707 1830 739 actiones

1091 762 1122 789 et
1146 757 1218 790 iura
1242 758 1428 801 praesentia
1452 764 1485 791 et
1509 759 1626 797 sutura,
1654 759 1831 792 cuiuscum-

1091 821 1154 853 que
1176 812 1353 854 qualitatis,
1379 812 1567 856 quantitatis
1585 818 1616 845 et
1633 819 1775 851 naturae,
1795 825 1831 846 ac

1091 865 1231 897 cuiusvis
1269 866 1363 899 etiam
1401 866 1498 899 annui
1536 866 1655 899 valoris
1691 867 1829 905 fructus,

1090 918 1234 951 redditus
1270 925 1301 951 et
1332 925 1507 962 proventus
1544 920 1729 953 huiusmodi
1767 920 1831 952 sint

1091 972 1140 1004 rel
1165 972 1295 1011 suerint,
1322 983 1358 1004 ac
1382 973 1478 1005 etiam
1496 983 1721 1016 quaecumque
1743 984 1760 1005 a
1778 984 1831 1005 ro-

1088 1025 1138 1059 bis
1163 1026 1342 1066 vendenda,
1364 1036 1400 1059 ac
1417 1036 1476 1069 pro
1501 1026 1616 1059 vestris
1642 1037 1677 1059 ac
1694 1026 1829 1058 familia-

1089 1089 1158 1112 rum
1177 1084 1354 1112 vestrarum
1371 1079 1484 1112 usibus
1501 1078 1649 1118 emenda,
1670 1078 1709 1110 ab
1725 1078 1829 1112 omni-

1089 1134 1148 1166 bus
1178 1139 1209 1166 et
1240 1132 1498 1175 quibuscumque
1528 1132 1673 1171 decimis,
1706 1133 1827 1175 quartis

1090 1191 1122 1219 et
1157 1185 1300 1219 dimidiis
1336 1185 1494 1228 partibus,
1532 1185 1695 1224 subsidiis,
1730 1185 1827 1218 etiam

1089 1238 1297 1277 charitativis,
1322 1249 1452 1272 necnon
1476 1238 1699 1280 vectigalibus,
1722 1245 1829 1281 porto-

1088 1293 1155 1332 riis,
1184 1292 1324 1331 tributis,
1351 1292 1456 1330 datiis,
1482 1292 1641 1335 pedagiis,
1678 1293 1826 1325 collectis

1089 1351 1120 1378 et
1152 1354 1358 1387 quocumque
1384 1345 1448 1378 alio
1476 1345 1607 1377 nomine
1632 1345 1826 1388 nuncupatis

1087 1398 1239 1440 angariis,
1264 1397 1480 1440 perangariis,
1504 1397 1688 1440 ceterisque
1714 1398 1823 1430 oneri-

1087 1451 1146 1483 bus
1182 1456 1213 1484 et
1248 1450 1556 1489 contributionibus,
1593 1454 1657 1482 tam
1694 1450 1826 1482 urbanis

1087 1513 1183 1547 quam
1209 1503 1350 1542 rusticis,
1380 1502 1553 1535 ordinariis
1588 1509 1620 1535 et
1652 1505 1827 1536 extraordi-

1085 1556 1195 1595 nariis,
1222 1556 1377 1596 realibus,
1402 1555 1628 1598 personalibus
1653 1561 1683 1588 et
1707 1556 1825 1592 mixtis,

1086 1610 1183 1642 ctiam
1209 1609 1335 1642 ratione
1357 1608 1575 1642 munitionum
1603 1608 1768 1641 moenium
1795 1614 1826 1641 et

1086 1663 1252 1706 pontium,
1278 1667 1446 1705 portarum
1472 1666 1504 1694 et
1528 1661 1766 1701 moliturarum‚
1796 1668 1827 1694 ct

1086 1716 1238 1749 mercium
1262 1724 1491 1757 cuiuscumque
1509 1715 1636 1757 generis
1659 1715 1822 1753 transitus,

1085 1780 1143 1802 seu
1168 1780 1290 1812 passus,
1317 1773 1346 1801 et
1372 1774 1531 1807 vecturae,
1558 1768 1656 1800 etiam
1681 1768 1713 1800 in
1740 1768 1825 1801 aliud

1086 1823 1296 1861 territorium,
1316 1833 1371 1855 seu
1391 1821 1618 1864 provinciani¹,
1639 1824 1740 1861 terra,
1760 1834 1824 1854 ma-

1087 1876 1111 1908 ri
1138 1882 1168 1908 et
1193 1875 1336 1914 flumine,
1363 1885 1487 1907 necnon
1506 1885 1662 1917 equorum
1680 1881 1824 1908 mortuo-

1086 1941 1165 1969 rum,
1190 1929 1443 1962 stabulationum
1468 1928 1620 1968 militum,
1649 1929 1825 1962 institutio-

1085 1983 1134 2015 nis
1155 1982 1319 2015 seminarii
1346 1981 1573 2021 ecclesiastici,
1600 1987 1654 2014 aut
1678 1993 1824 2025 quacum-

1086 2036 1164 2078 (μωἰ
1181 2036 1243 2068 alia
1260 2034 1465 2078 quantumvis
1479 2035 1565 2077 graii
1586 2041 1617 2068 et.
1636 2036 1824 2078 gravissimi

1085 2092 1180 2122 causa
1205 2089 1278 2131 (pro
1304 2089 1517 2122 subventione
1543 2094 1656 2121 contra
1673 2089 1822 2122 infideles

1084 2144 1231 2186 excepta)
1257 2152 1343 2175 nunc
1361 2147 1390 2176 et
1406 2152 1466 2185 pro
1486 2148 1631 2184 tempore
1653 2142 1820 2185 impositis,

1083 2195 1127 2228 ita
1153 2195 1240 2239 quod
1266 2206 1320 2228 vos
1346 2200 1375 2227 et
1401 2195 1538 2238 quilibet
1573 2201 1713 2227 restrum
1741 2196 1822 2228 nihil

1083 2248 1215 2281 omnino
1253 2248 1369 2281 horum
1405 2253 1458 2280 aut
1493 2248 1631 2280 aliorum
1668 2248 1822 2281 similium

1082 2301 1192 2334 subire
1212 2300 1399 2339 teneamini,
1418 2311 1477 2334 nec
1494 2312 1554 2344 per
1570 2300 1719 2334 Camerae
1738 2302 1823 2344 Apo-

1082 2355 1229 2394 stolicae‚
1250 2359 1304 2387 aut
1320 2353 1399 2386 alios
1417 2354 1669 2394 commissarios,
1689 2366 1744 2387 seu
1772 2366 1822 2386 ve-

1082 2406 1246 2449 ctigalium
1273 2411 1304 2438 et
1330 2405 1523 2438 tributorum
1549 2405 1734 2438 huiusmodi
1772 2417 1821 2438 rc-

1082 2460 1294 2502 deniptores‚
1321 2459 1540 2491 conductores
1566 2464 1597 2491 et
1633 2465 1817 2498 exactores,

1082 2524 1288 2556 quocumque
1327 2512 1511 2556 privilegio,
1549 2512 1754 2555 exemptione
1790 2517 1822 2544 et

1118 2585 1128 2610 1
1152 2583 1221 2610 Edit.
1243 2583 1322 2610 nain.
1343 2583 1408 2617 legit
1424 2583 1648 2617 provinciarium
1669 2587 1705 2613 (R.
1722 2587 1770 2614 T.)-

1117 2628 1133 2654 2
1154 2627 1224 2655 Edit..
1243 2627 1324 2655 Main.
1341 2627 1405 2663 legit
1421 2634 1617 2662 quaecumque
1632 2630 1669 2660 (n.
1687 2626 1736 2660 T.)-

1751 223 1792 254 (ΣΠ
1838 232 1886 257 An.
1905 232 1932 257 C.
1958 232 2023 256 1801·

1841 294 1920 313 ‹niul-o
1951 296 2022 313 centra

1841 319 1944 340 inntleiro.
