2254 3225
177 192 226 220 Au.
244 192 273 219 C.
296 190 359 218 ¹691

407 183 472 216 300
854 223 857 224 γ

412 251 448 274 ιι.
475 240 591 284 Culpas
616 245 723 274 autem
748 239 937 273 huiusmodi
969 240 1001 273 in
1029 251 1104 283 qua-

368 299 443 327 tuor
467 304 588 337 genera
612 294 800 333 dividimus,
824 293 978 327 videlicet
1002 293 1033 326 in
1059 295 1104 326 le-

367 357 448 387 vem,
463 358 606 390 gravem,
622 347 806 391 graviorem
824 352 855 381 et
868 347 1100 390 gravissimam.

366 399 459 434 Illam
487 401 618 444 quidem
649 402 755 434 levem
780 402 995 444 appellamus,
1023 411 1103 444 quae

368 463 403 486 ex
430 454 494 487 levi
520 459 575 486 aut
598 454 718 487 veniali
743 454 866 487 malitia
882 454 1104 494 committitur,

366 507 417 539 vel
439 511 488 539 est
504 511 631 539 tantum
648 517 730 550 pura
746 506 906 549 regularis
924 512 1104 549 transgres-

365 558 414 592 sio
433 569 469 592 ex
487 560 557 592 sola
574 559 812 594 inadvertentia
839 570 912 593 cum
929 560 1102 603 fragilitate

365 617 398 645 et
411 612 535 655 absque
548 613 615 645 ulla
627 611 761 656 speciali
774 613 895 647 malitia
909 613 1102 657 procedens,

364 663 516 708 Reliquas
546 675 622 699 vero
655 666 705 698 vel
742 665 879 699 dicimus
915 676 1028 708 graves
1064 675 1100 698 ex

364 719 436 751 solo
461 718 576 751 maiori
601 719 750 762 pondere
767 719 922 752 materiae
947 729 965 752 a
989 720 1102 762 regula

363 774 490 803 tantum
516 781 574 804 seu
594 771 884 805 constitutionibus
909 772 1102 815 simpliciter

363 824 543 864 ordinatae,
570 824 694 857 etiamsi
716 825 799 858 absit
822 825 946 858 malitia
970 831 1002 858 et
1027 836 1101 859 vera

364 877 447 910 ratio
473 878 600 921 culpae,
619 878 669 910 vel
695 888 749 911 eas
775 878 941 921 graviores
960 884 1014 910 aut
1031 889 1100 921 gra-

361 929 509 962 vissimas
537 940 763 973 nuncupamus
794 931 922 964 ratione
957 931 1099 964 adiuncti

361 981 529 1025 praecepti
554 983 773 1025 contemptus,
797 993 853 1016 seu
882 983 986 1025 gravis
1010 984 1101 1016 mali-

361 1034 434 1073 tiae,
461 1035 639 1068 secundum
663 1035 764 1077 magis
791 1040 822 1068 et
841 1035 948 1068 minus
974 1046 1010 1068 ex
1027 1036 1100 1078 lege

362 1086 470 1119 divina
494 1088 544 1120 vel
570 1088 787 1120 ecclesiastica
811 1089 1045 1131 provenientis.

406 1149 454 1172 111.
484 1139 522 1172 Et
546 1140 623 1173 licet
646 1141 685 1173 ad
711 1141 792 1173 haec
818 1146 954 1184 quatuor
979 1152 1099 1183 genera

361 1192 531 1234 culparum
567 1193 672 1226 omnis
706 1194 924 1236 transgressio
954 1195 1096 1236 regulae,

360 1245 647 1285 constitutionum,
684 1251 847 1287 votorum,
881 1252 913 1280 et
944 1257 1098 1290 quorum-

361 1309 424 1341 que
449 1304 700 1341 praeceptorum
725 1300 907 1339 reducatur,
942 1309 981 1333 eo
1010 1301 1096 1342 quod

360 1351 498 1384 materia
523 1352 563 1383 sit
594 1362 725 1395 semper
756 1363 793 1385 ex
819 1363 853 1385 se
887 1353 935 1385 vel
961 1353 1097 1386 circum-

361 1404 488 1436 stantiis
508 1404 597 1445 levis,
623 1405 739 1446 gravis,
761 1406 888 1447 gravior
904 1411 960 1438 aut
976 1407 1097 1448 gravis-

360 1457 464 1497 sima3
490 1467 556 1490 non
582 1468 694 1491 omnes
718 1463 841 1499 tamen,
866 1459 924 1492 sed
949 1459 1094 1503 aliquas¹

360 1515 483 1543 tantum
508 1511 568 1543 sub
594 1511 753 1544 distinctis
777 1512 952 1554 generibus
984 1514 1096 1547 imme-

361 1562 446 1595 diate
472 1564 708 1605 constituimus,
726 1575 791 1598 non
812 1567 915 1598 solum
941 1567 1015 1610 quia
1041 1578 1093 1600 eas

360 1614 549 1657 diligentius
585 1616 678 1648 vitari
715 1617 927 1659 intendimus,
962 1620 1018 1652 s'ed
1055 1630 1094 1653 eo

359 1668 509 1708 maxime,
535 1673 571 1701 ut
595 1669 734 1712 praelati
752 1670 790 1703 ad
811 1680 921 1703 earum
945 1672 1095 1705 similitu·

360 1720 468 1753 dinem
487 1732 546 1764 pro
566 1722 702 1765 reliquis
726 1733 850 1765 poenas
873 1724 1023 1765 inserant,
1040 1726 1092 1758 ubi

359 1783 425 1805 non
451 1774 571 1806 suerint
587 1786 605 1807 a
623 1776 695 1817 lege
716 1780 852 1815 taxatae,
870 1781 902 1809 et
922 1788 993 1810 curn
1013 1788 1093 1820 opus

359 1826 456 1859 suerit
480 1836 533 1859 eas
559 1827 736 1870 prohibere
761 1829 821 1862 sub
845 1832 950 1872 poena
975 1831 1090 1873 gravis,

359 1880 514 1922 gravioris
534 1885 588 1913 aut
604 1881 810 1923 gravissimae
824 1883 946 1925 culpae,
964 1893 1093 1916 mensn-

358 1942 427 1964 ram
452 1933 485 1965 in
510 1934 666 1976 exemplis
693 1934 834 1967 habeant
863 1936 948 1968 unde
973 1947 1093 1978 poenas

357 1986 536 2029 prudenter
560 1991 592 2018 et
615 1986 856 2029 prohibitiones
884 1988 1062 2023 addiscant.

402 2048 443 2071 1v.
463 2038 604 2071 Tandem
620 2039 741 2083 itaque,
752 2046 788 2073 ut
800 2040 884 2074 circa
896 2052 1018 2084 poenas
1033 2044 1094 2076 cul-

357 2101 473 2135 parum
497 2091 633 2125 inferius
659 2093 886 2136 designandas,
909 2100 942 2128 et
965 2095 1093 2129 univer-

358 2145 419 2177 sim
449 2155 562 2177 omnes
594 2144 671 2178 alias
701 2156 784 2188 quae
813 2152 888 2180 sunt
915 2147 949 2180 in
973 2148 1093 2182 nostris

358 2198 644 2231 constitutionibus
669 2199 838 2243 dispersae
859 2206 915 2234 aut
939 2212 956 2234 a
973 2203 1094 2245 praela-

357 2250 398 2283 tis
414 2251 645 2293 imponendae,
664 2257 752 2285 recta
768 2253 851 2286 ratio
874 2254 1040 2295 habeatur,
1058 2261 1093 2289 ut

358 2308 422 2337 tam
437 2303 508 2337 iure
526 2314 621 2348 quam
634 2306 810 2347 prudentia
827 2306 1092 2350 delinquentibus

357 2357 557 2397 inserantur,
585 2357 788 2391 decernimus
816 2364 848 2392 et
877 2359 1090 2400 declaramus,

358 2410 446 2453 quod
476 2410 573 2443 nullis
595 2411 710 2453 poenis
741 2411 774 2444 in
805 2412 1092 2446 constitutionibus

358 2473 416 2496 seu
434 2463 511 2496 alibi
529 2463 660 2496 inflictis
687 2464 772 2507 (nisi
789 2465 829 2498 sit
845 2476 950 2508 poena
970 2476 1092 2499 excom-

356 2516 583 2550 municationis
600 2517 683 2549 latae
708 2517 901 2561 sententiae)
921 2518 960 2551 sit
976 2518 1092 2562 aliquis

334 2594 337 2595 ν
393 2577 405 2604 ¹
426 2576 498 2604 Edit.
519 2576 601 2606 Main.
620 2577 687 2613 legit
705 2578 820 2614 aliquos
838 2579 875 2614 (R.
893 2579 941 2614 Τ.).

376 2625 407 2635 m

942 191 1120 216 BULLARIEM
1143 192 1296 216 ROMANUM

1145 240 1176 272 in
1197 240 1316 273 Ordine
1338 240 1498 273 obnoxius
1521 251 1622 285 usque
1647 242 1721 276 dum
1739 244 1874 287 praelati

1145 293 1318 326 declaratio
1344 294 1558 336 superveniat.

1188 356 1209 378 1.
1240 346 1317 379 Cum
1349 347 1388 379 de
1421 347 1527 389 parvis
1559 350 1876 392 transgressionibus

1144 399 1280 441 agimus,
1303 409 1380 442 quas
1397 401 1445 432 vel
1464 401 1551 434 nulla
1572 408 1627 434 aut
1651 402 1729 436 levis
1755 404 1875 437 malitia

1144 457 1318 495 perpetrat,
1336 463 1400 485 nen
1419 463 1530 486 omnes
1558 454 1688 498 quidem
1706 456 1744 489 ad
1762 467 1876 490 censu-

1122 505 1126 530 t
1145 516 1211 538 rain
1231 505 1386 546 ducimus,
1405 506 1462 539 sed
1481 517 1560 550 quas
1578 508 1764 551 specialiter
1780 519 1876 553 regu-

1143 558 1220 591 laris
1247 559 1455 592 observantia
1479 561 1691 602 commendat,
1718 567 1750 595 et
1773 562 1874 605 magis

1142 611 1233 644 vitari
1260 611 1468 652 intendimus,
1494 613 1581 646 unde
1603 614 1682 648 levis
1698 616 1792 659 culpa
1813 621 1872 649 est.

1142 664 1172 697 Si
1188 665 1258 707 quis
1273 676 1354 705 niox,
1367 671 1401 697 ut
1415 665 1540 708 signum
1557 667 1674 700 facturn
1686 667 1793 709 fuerit,
1808 679 1874 702 non

1141 717 1247 749 statim
1266 717 1387 750 relictis
1404 719 1554 751 omnibus
1572 719 1612 752 ad
1629 720 1766 753 chorum
1783 721 1876 755 devo-

1143 774 1172 803 te
1205 775 1236 803 et
1267 770 1457 804 festinanter
1487 771 1588 804 Deum
1620 773 1808 807 laudaturus
1840 784 1874 808 se

1142 824 1308 864 conserat3
1328 824 1352 856 si
1371 825 1440 867 quis
1468 824 1498 856 in
1524 825 1624 859 choro
1641 826 1782 869 legendo
1800 837 1875 860 can-

1143 877 1276 909 tandove
1295 876 1476 916 offenderit,
1494 882 1526 910 et
1549 887 1615 911 non
1641 879 1747 912 statim
1764 890 1874 913 coram

1141 929 1291 962 omnibus
1321 930 1488 963 humiliter
1515 941 1548 964 se
1576 933 1814 975 prostraverit3
1846 933 1873 966 si

1141 982 1213 1023 quis
1241 982 1350 1014 divino
1379 982 1484 1015 officio
1512 992 1579 1015 non
1606 983 1761 1024 intentus,
1786 985 1873 1028 vagis

1140 1033 1239 1066 oculis
1257 1039 1287 1066 et
1304 1040 1391 1067 motu
1407 1034 1623 1077 incomposito
1637 1037 1775 1079 aliquam
1789 1047 1875 1070 men-

1142 1086 1180 1118 tis
1198 1086 1361 1119 levitatem
1379 1088 1580 1127 ostenderit;
1611 1088 1637 1121 si
1665 1089 1737 1132 quis
1764 1089 1796 1122 in
1825 1100 1874 1123 ec-

1140 1139 1245 1178 clesia,
1276 1139 1460 1179 refectorio,
1480 1145 1533 1173 aut
1561 1141 1752 1175 dormitorio
1777 1142 1874 1175 silen-

1141 1190 1217 1222 tium
1235 1191 1379 1233 fregerit,
1395 1192 1444 1224 vel
1459 1192 1630 1235 strepitum
1643 1194 1785 1237 aliquem
1799 1205 1875 1227 con-

1139 1244 1295 1287 citaverit,
1323 1254 1380 1276 seu
1409 1244 1531 1277 ibidem
1560 1245 1678 1286 riserit,
1707 1247 1773 1280 sive
1801 1247 1872 1280 aliis

1140 1296 1291 1329 fratribus
1316 1307 1443 1329 causam
1461 1297 1589 1331 ridendi
1614 1299 1820 1341 praebuerit;
1845 1301 1872 1333 si

1139 1350 1210 1392 quis
1239 1350 1397 1382 lectiones
1429 1350 1479 1383 vel
1511 1350 1574 1383 alia
1602 1361 1683 1394 quae
1709 1351 1742 1384 in
1768 1353 1872 1386 choro

1138 1403 1245 1444 legere
1268 1407 1323 1435 aut
1344 1407 1474 1435 cantare
1502 1402 1621 1443 debuit,
1639 1413 1706 1437 non
1732 1405 1808 1438 satis
1833 1415 1871 1439 ea

1137 1456 1344 1498 praeviderit.

1180 1518 1214 1541 11.
1240 1508 1319 1541 Item
1340 1509 1420 1541 levis
1446 1510 1541 1553 culpa
1565 1515 1613 1543 est
1635 1510 1662 1543 si
1687 1511 1759 1554 quis
1785 1511 1872 1544 elee—

1136 1571 1284 1605 mosynas
1319 1561 1553 1604 redemptionis
1593 1562 1767 1605 exigendo,
1804 1564 1870 1596 sive

1136 1613 1221 1645 inter
1251 1614 1435 1646 saeculares
1471 1615 1778 1658 quomodocumque
1802 1626 1872 1649 ver-

1136 1667 1248 1707 sando,
1276 1667 1377 1699 otiosa
1401 1668 1527 1699 locutus
1554 1667 1647 1700 suerit
1672 1669 1719 1701 vel
1745 1668 1872 1702 commi-

1135 1720 1235 1759 serit;
1263 1720 1289 1752 si
1314 1720 1386 1762 quis
1412 1720 1444 1752 in
1469 1720 1578 1762 vigilia
1601 1720 1722 1754 Natalis
1742 1721 1870 1755 Domini

1135 1783 1201 1805 non
1219 1772 1405 1805 interfuerit
1417 1779 1540 1806 mature
1555 1774 1710 1817 capitulo,
1724 1781 1767 1815 ut,
1782 1785 1871 1818 prae·

1135 1826 1290 1859 nuntiatis
1312 1826 1547 1870 redemptionis
1567 1832 1699 1860 nostrae
1718 1828 1870 1869 exordiis,

1134 1879 1199 1912 Deo
1225 1879 1435 1922 Redemptori
1467 1884 1579 1913 nostro
1612 1885 1719 1913 mente
1745 1885 1777 1914 et
1801 1891 1871 1914 cor-

1134 1942 1213 1975 pore
1232 1932 1351 1975 gratias
1368 1932 1506 1972 reserat·,
1527 1932 1553 1965 si
1572 1933 1644 1976 quis
1662 1933 1869 1968 dormitando

1135 1986 1166 2017 in
1191 1985 1292 2017 choro
1324 1995 1358 2017 se
1383 1994 1450 2017 non
1476 1985 1621 2018 sobrium
1656 1996 1693 2018 ac
1718 1986 1868 2020 devotum

1134 2038 1290 2071 insinuet.

1178 2101 1227 2125 ιιι.
1254 2091 1391 2133 Insuper
1424 2090 1528 2123 levem
1563 2091 1691 2134 culpam
1722 2090 1866 2132 dicimus,

1134 2144 1159 2177 si
1185 2144 1256 2187 quis
1292 2143 1399 2177 altaris
1422 2144 1471 2176 vel
1497 2143 1654 2176 ecclesiae
1680 2149 1870 2177 ornamenta

1133 2207 1189 2230 seu
1214 2197 1314 2229 libros
1338 2206 1405 2229 non
1430 2196 1635 2229 advertenter
1664 2201 1696 2229 et
1719 2202 1867 2229 accurate

1135 2250 1340 2289 tractaverit;
1376 2248 1401 2282 si
1437 2249 1476 2281 de
1508 2248 1671 2282 concessis
1703 2249 1742 2282 ad
1775 2259 1868 2282 usum

1134 2303 1229 2336 alicui
1255 2303 1344 2336 fratri
1369 2302 1526 2334 nonnulla
1549 2311 1651 2344 pauca
1672 2301 1742 2334 sine
1766 2302 1868 2345 ipsius

1133 2356 1263 2389 licentia
1287 2354 1470 2398 acceperit·⁷
1497 2354 1522 2386 si
1547 2354 1722 2397 quidquam
1748 2355 1869 2388 utensi-

1133 2410 1211 2443 lium
1236 2408 1368 2451 fregerit
1391 2408 1442 2441 vel
1467 2407 1644 2448 emiserit¹;
1664 2407 1689 2440 si
1711 2407 1786 2450 quid
1804 2407 1868 2441 cibi

1133 2469 1187 2496 aut
1210 2467 1305 2506 potus
1331 2460 1490 2502 effuderit,
1523 2466 1576 2494 aut
1611 2461 1650 2495 de
1683 2460 1867 2494 huiusmodi

1134 2517 1298 2561 quidpiam
1327 2516 1397 2548 sine
1421 2515 1650 2548 benedictione
1674 2515 1865 2559 sumpserit;

1170 2582 1179 2605 1
1205 2578 1306 2606 Forsan
1328 2578 1458 2606 αηιίἐενίι
1477 2579 1518 2613 (R.
1535 2577 1583 2612 L).

1883 196 1932 224 Aa.
1949 196 1977 224 C.
1998 197 2065 227 1691

1924 368 1992 391 Cam
2006 370 2032 392 n.

1894 394 1924 416 Do
1934 396 1975 417 iuvi
1985 397 2057 424 eulpa.
