2254 3225
173 220 219 245 in.
236 217 265 245 c.
287 216 355 244 1696
402 207 465 241 746

407 266 421 309 ἓ
446 264 477 298 3.
504 263 658 297 Volumus
694 262 827 305 insuper
854 263 890 292 ut
915 260 1103 293 earumdem

363 317 587 363 praesentium
606 314 828 358 transumptis,
847 313 942 347 etiam
968 313 1105 356 impres-

365 372 418 412 sis,
444 382 540 404 manu
567 370 704 403 alicuius
729 367 847 402 notarii
873 366 995 411 publici
1031 365 1104 398 sub-

365 425 503 469 scriptis,
519 430 550 458 et
568 424 676 466 sigillo
701 432 865 466 personae
884 422 916 453 in
936 418 1104 453 ecclesias-

366 478 429 511 tica
447 477 604 520 dignitate
626 475 819 509 constitutae
837 472 979 512 munitis,
992 471 1103 504 eadem

364 541 501 574 prorsus
532 529 610 562 tides
625 528 744 571 ubique
769 528 918 560 locorum
935 524 1103 562 habeatur,

366 594 449 628 quae
485 583 563 626 ipsis
601 580 830 625 praesentibus
861 577 1039 611 haberetur
1079 575 1104 608 si

366 638 476 670 forent
510 635 671 669 exhibitae
696 634 745 666 vel
771 637 931 665 ostensae.

411 690 525 722 Datum
553 689 686 727 Romae,
719 686 803 729 apud
829 684 860 718 S.
891 683 1020 716 Mariam
1044 682 1107 715 Ma-

367 743 482 783 iorem,
508 742 566 775 sub
595 741 715 773 annulo
745 737 930 778 Piscatoris,
957 737 1009 770 die
1033 746 1106 769 xxiv

369 795 524 830 februarii
559 803 710 834 MDCXCVJ,
750 790 961 835 pontificatus
1001 789 1106 823 nostri

369 859 454 882 anno
480 858 512 881 v.

406 910 466 937 Dat.
483 909 526 936 die
542 909 575 936 ⁶24
595 907 725 935 februarii
742 906 819 942 ¹696,
840 906 936 942 pontif.
953 914 1022 932 anuo
1038 912 1062 931 v.

197 279 316 301 ulausutae.

672 1048 815 1082 CXXVII.

371 1130 618 1172 Confirmanlur
658 1128 837 1171 prz'vileqia
878 1127 983 1160 Pauli
1023 1126 1048 1159 V
1080 1130 1109 1159 e!

417 1183 541 1217 Urbani
570 1182 654 1216 VIII
675 1192 818 1214 concessa
844 1181 976 1223 colleqio
1007 1180 1110 1213 Scolo-

414 1247 490 1269 rum
513 1236 708 1275 Purisicusi,
736 1245 809 1267 cum
834 1234 1032 1267 concessione
1063 1234 1110 1275 fa-

416 1290 550 1322 cultatis
574 1288 777 1331 suscipiendi
801 1288 930 1320 ordines
960 1297 1022 1320 non
1047 1296 1112 1319 ser-

416 1342 499 1376 vatis
524 1339 742 1374 interseiliis¹.

557 1420 755 1448 Innocentius
775 1420 854 1453 Papa
873 1419 935 1451 XII,

516 1467 552 1493 ad
571 1467 704 1493 futuram
724 1465 768 1492 rei
788 1464 970 1491 memoriam.

240 1552 365 1573 nomnium
414 1535 474 1578 §¹1.
490 1534 614 1567 Dudum
630 1532 731 1566 felicis
745 1531 984 1565 recordationis
998 1531 1114 1565 Paulus

183 1578 289 1625 {Silina}
325 1584 368 1623 ‘iffi
404 1600 464 1632 apa
500 1588 523 1619 V
559 1587 792 1630 praedecessor
827 1591 941 1618 noster
974 1585 1114 1627 collegio

184 1631 521 1686 1255'5131125150233'1nationis
554 1640 724 1673 Scotorum
759 1638 954 1679 Parisiensi,
980 1639 1114 1681 eiusque

185 1685 369 1736 {il's'tsipiiiliii¹⁰0“rf
380 1693 601 1738 superioribus
628 1697 660 1725 et
686 1691 842 1731 alumnis,
868 1693 1027 1725 nonnulla
1053 1692 1117 1734 pri-

185 1738 508 1789 ssiissssssflussanvflis-vilegia,
537 1746 722 1785 facultates,
763 1744 880 1786 gratias
921 1750 952 1776 et
991 1745 1117 1776 indulta

187 1788 370 1846 ¹.J...23S.12¹2'.¹.3‘'¹¹ffi
381 1799 546 1833 concessit
566 1809 626 1841 per
650 1797 805 1841 quasdam
830 1808 901 1829 suas
928 1797 1067 1839 desuper
1086 1796 1117 1828 iu

186 1849 230 1861 §iliu
246 1840 370 1861 dimissoriis
399 1854 405 1860 .

187 1869 300 1889 onim-11.
381 1854 478 1887 simili
511 1853 614 1886 forma
645 1852 752 1885 Brevis
791 1851 956 1894 expeditas
993 1851 1117 1884 litteras

382 1908 502 1941 tenoris
528 1907 581 1950 qui
607 1906 773 1949 sequitur,
800 1905 964 1938 videlicet:

430 1973 443 1992 α
468 1960 598 1993 Paulus
623 1960 718 2002 Papa
747 1959 791 1997 V,
820 1958 862 1991 ad
891 1959 1041 2001 futurum
1071 1959 1120 1990 rei

381 2013 577 2046 memoriam.
594 2012 736 2045 Dilectos
754 2011 836 2044 tilios
852 2012 1010 2051 alumnos,
1029 2010 1117 2043 etc.².

415 2075 513 2101 Datum
533 2074 643 2106 Romae,
664 2072 734 2108 apud
750 2073 775 2099 S.
792 2073 900 2099 Mariam
915 2073 1054 2106 Maiorem,
1071 2073 1120 2100 sub

382 2119 482 2145 annulo
516 2118 662 2145 Piscatoris
678 2138 686 2151 ,
720 2117 764 2143 die
794 2124 869 2144 xxvu
898 2117 963 2144 maii
1000 2124 1093 2144 nucxn
1112 2139 1118 2151 ,

383 2163 552 2198 pontificatus
572 2162 656 2190 nostri
675 2169 745 2189 auno
765 2168 800 2188 xii
823 2171 848 2189 ›>.

418 2251 431 2277 1
454 2250 590 2277 Laudatae
618 2249 827 2276 constitutiones
852 2257 915 2277 mox
941 2250 1068 2277 citantur.
1090 2250 1120 2276 In

383 2294 463 2322 huius
482 2294 622 2320 Pontificis
633 2297 718 2320 const.
732 2293 774 2319 ed.
792 2300 911 2327 nocxcn,
924 2293 967 2320 die
986 2296 995 2320 1
1019 2294 1120 2327 martii,

382 2338 480 2375 pontif.
502 2345 519 2370 1,
541 2346 671 2365 concessa
691 2337 740 2364 fuit
759 2338 872 2372 collegio
893 2338 920 2363 S.
943 2338 1052 2364 Antonii
1081 2338 1120 2365 ci-

382 2383 473 2410 vitatis
492 2383 595 2409 Cuscan
616 2382 728 2408 facultas
748 2381 905 2408 conterendi
924 2381 1023 2416 gradus
1043 2382 1122 2409 scho-

383 2427 509 2460 lasticos;
530 2429 557 2453 et
575 2426 603 2452 in
623 2426 767 2452 Clementis
786 2425 819 2451 XI
848 2429 933 2452 const.
956 2425 998 2453 ed.
1020 2433 1119 2460 MDCCI,

385 2472 429 2499 die
449 2472 484 2499 30
503 2471 576 2503 maii,
597 2470 693 2505 pontif.
714 2476 732 2504 1,
750 2469 865 2504 erigitur
884 2469 1025 2503 collegium
1047 2470 1122 2498 Urbi-

386 2519 501 2543 natense
522 2524 581 2542 cum
602 2514 724 2550 pluribus
745 2514 903 2549 privilegiis.

423 2562 439 2586 ⁹2
459 2560 560 2587 Bullam
578 2559 653 2585 Pauli
668 2560 688 2585 V
705 2559 862 2591 omittimus,
879 2558 942 2593 quia
957 2559 1008 2585 iam
1025 2559 1123 2594 legitur

389 2606 468 2633 allata
484 2614 498 2632 a
513 2605 649 2632 Clemente
665 2603 696 2631 IX
708 2604 734 2631 in
752 2607 814 2632 tom.
831 2609 893 2635 xvu,
909 2612 935 2639 p.
953 2604 1004 2631 830
1019 2604 1056 2640 (R,
1073 2605 1122 2639 T.).

944 206 1124 235 nunmmtffl
1146 209 1302 236 ROMANUM

1884 209 1935 235 An.
1950 210 1977 236 C.
2001 209 2066 237 ¹096

1187 258 1331 291 Subinde
1368 266 1444 290 vero
1474 255 1667 291 recolendae
1697 256 1876 291 memoriae

1144 311 1292 343 Urbanus
1317 311 1403 353 Papa
1425 310 1500 351 Vlll,
1521 311 1618 344 etiam
1640 311 1878 354 praedecessor

1145 369 1266 403 noster,
1292 364 1330 396 ad
1356 364 1497 396 savorem
1522 365 1710 397 eorumdem
1735 365 1877 397 alumno-

1146 427 1215 448 rum
1231 416 1308 449 alias
1323 427 1396 449 suas
1411 417 1534 460 pariter
1548 416 1580 449 in
1595 417 1696 450 forma
1708 417 1819 450 Brevis
1833 417 1879 450 lit-

1146 474 1232 501 teras
1259 469 1361 502 edidit
1387 470 1507 502 tenoris
1524 470 1696 513 sequentis,
1715 469 1878 503 videlicet:

1196 534 1208 553 «
1237 522 1385 555 Urbanus
1408 523 1503 566 Papa
1531 523 1635 564 VIII,
1661 522 1704 555 ad
1731 523 1879 565 futuram

1146 575 1196 608 rei
1220 577 1417 608 memoriam.
1436 576 1476 609 Ut
1493 576 1616 609 alumni
1640 576 1772 618 collegii
1794 575 1879 610 Scoti

1147 628 1180 661 in
1205 628 1333 662 civitate
1358 629 1547 669 Parisiensi,
1574 627 1669 663 etc.¹.

1943 271 2067 292 constitutio

1888 297 1966 319 Urbani
1982 297 2033 318 Vm.

1181 691 1278 718 Datum
1304 691 1412 726 Romae,
1430 691 1501 727 apud
1521 692 1549 719 S.
1570 691 1689 725 Petrum,
1711 691 1761 719 sub
1781 691 1880 719 annulo

1149 735 1300 770 Piscatoris,
1321 736 1363 763 die
1388 744 1414 763 xi
1434 736 1553 764 ianuarii
1572 742 1687 763 nncxuu
1698 739 1719 770 ¹,
1739 735 1881 771 pontifica-

1149 784 1191 808 tus
1212 781 1296 808 nostri
1315 789 1384 808 anno
1405 789 1449 808 xx.

1940 852 2075 873 cunni-nuntio

1193 843 1207 886 ἓ
1232 843 1262 876 02.
1290 843 1367 876 Cum
1392 848 1508 885 autem,
1527 843 1610 876 sicut
1632 853 1693 887 pro
1718 848 1811 887 parte
1836 843 1883 877 di-

1149 897 1308 929 lectorum
1339 896 1480 930 tiliorum
1512 896 1718 940 superiorum
1752 902 1783 929 et
1815 878 2076 930 alti-{iifftidsffii‘iimww

1149 959 1298 982 mnorum
1319 949 1448 992 collegii
1473 949 1649 993 supradicti
1668 949 1761 983 nobis
1778 960 1884 993 nuper

1150 1003 1331 1046 expositum
1363 1003 1444 1042 suit,
1470 1002 1542 1045 ipsi,
1569 1012 1631 1045 quo
1662 1003 1884 1045 praeinsertae

1127 1096 1128 1101 1
1150 1056 1248 1095 Pauli,
1275 1066 1355 1099 quae
1379 1066 1396 1088 a
1419 1055 1493 1099 piae
1519 1055 1696 1089 memoriae
1721 1055 1884 1088 Clemente

1152 1109 1235 1152 Papa
1260 1109 1299 1142 lx
1330 1109 1582 1152 praedecessore
1619 1109 1742 1152 pariter
1773 1114 1885 1142 nostro

1152 1161 1378 1195 confirmatae3
1398 1163 1533 1201 suerunt,
1552 1173 1587 1195 ac
1606 1162 1725 1195 Urbani
1751 1162 1887 1205 praede-

1152 1225 1316 1248 cessorum
1342 1215 1469 1248 litterae
1505 1214 1626 1248 firmius
1658 1214 1832 1247 subsistant
1857 1220 1887 1247 ct

1153 1274 1324 1302 serventur
1349 1269 1502 1309 exactius,
1529 1269 1729 1312 apostolicae
1759 1279 1888 1311 quoque

1154 1321 1411 1354 confirmationis
1442 1327 1572 1354 nostrae
1596 1320 1778 1364 patrocinio
1804 1331 1890 1353 com-

1154 1375 1273 1407 muniri
1301 1385 1336 1407 ac
1362 1375 1441 1407 alias
1468 1379 1654 1418 opportune
1672 1374 1730 1407 sibi
1749 1374 1890 1417 desuper

1155 1439 1172 1460 a
1197 1428 1291 1460 nobis
1316 1428 1481 1471 provideri
1507 1434 1538 1460 et
1558 1434 1594 1460 ut
1617 1428 1702 1460 infra
1726 1427 1889 1470 indulgeri

1155 1480 1330 1523 plurimum
1367 1480 1582 1513 desiderent:
1609 1491 1688 1520 nos,
1714 1481 1888 1523 specialem

1156 1533 1234 1576 ipsis
1260 1533 1497 1575 exponentibus
1533 1533 1668 1575 gratiam
1706 1532 1813 1564 facere
1837 1542 1891 1564 vo-

1156 1587 1269 1625 lentes,
1296 1591 1327 1618 et
1351 1596 1463 1618 eorum
1490 1586 1671 1628 singulares
1697 1595 1853 1628 personas
1875 1596 1892 1616 a

1158 1638 1321 1681 quibusvis
1353 1638 1715 1677 excommunicationis,
1747 1647 1893 1680 suspen-

1158 1691 1258 1723 sionis
1296 1696 1327 1722 et
1362 1690 1551 1730 interdicti,
1578 1690 1715 1732 aliisque
1741 1689 1894 1721 ecelesia-

1159 1744 1246 1776 sticis
1270 1743 1439 1776 sententiis
1466 1748 1498 1776 et
1523 1743 1682 1782 censuris,
1704 1753 1721 1775 a
1751 1742 1818 1775 iure
1845 1743 1893 1775 vel

1160 1796 1198 1827 ab
1218 1797 1361 1837 homine,
1392 1796 1502 1839 quavis
1528 1795 1699 1829 occasione
1723 1796 1773 1828 vel
1801 1797 1895 1827 causa

1160 1850 1242 1889 latis,
1257 1850 1284 1882 si
1301 1849 1418 1893 quriibus
1445 1849 1695 1893 quomodolibet
1720 1849 1895 1881 innodatae

1161 1903 1314 1942 existunt,
1335 1903 1373 1935 ad
1396 1901 1544 1935 effectum
1568 1902 1790 1946 praesentium
1807 1902 1896 1935 dum-

1162 1961 1247 1989 taxat
1271 1956 1564 1999 consequendum,
1588 1956 1702 1988 harum
1727 1955 1810 1988 serie
1846 1955 1897 1987 ab·

1162 2010 1325 2043 solventes
1351 2015 1383 2042 et
1406 2010 1570 2041 absolutas
1600 2009 1668 2041 sore
1701 2012 1894 2047 censentes,

1163 2062 1459 2106 supplicationibus
1496 2072 1609 2094 eorum
1635 2061 1768 2094 nomine
1801 2060 1896 2093 nobis

1163 2127 1261 2160 super
1285 2117 1349 2148 hoc
1368 2115 1537 2148 humiliter
1556 2115 1716 2158 porrectis
1741 2114 1895 2153 inclinati,

1163 2170 1202 2202 de
1219 2168 1454 2201 venerabilium
1475 2168 1609 2200 fratrum
1624 2173 1809 2200 nostrorum
1825 2176 1898 2199 san-

1162 2228 1230 2256 ctae
1256 2222 1419 2255 Romanae
1444 2221 1604 2254 Ecclesiae
1630 2221 1843 2253 cardinalium
1864 2221 1897 2252 in

1164 2278 1228 2309 tota
1246 2275 1413 2318 republica
1438 2274 1613 2307 christiana
1637 2279 1749 2307 contra
1763 2273 1896 2306 haereti<

1163 2340 1231 2362 cam
1245 2329 1435 2372 pravitatem
1451 2327 1653 2370 generalium
1668 2326 1896 2370 inquisitorum

1163 2393 1181 2415 a
1200 2382 1282 2415 Sede
1303 2381 1490 2425 Apostolica
1514 2380 1701 2424 specialiter
1726 2380 1897 2423 deputato-

1163 2446 1233 2468 rum
1258 2434 1404 2475 consilio,
1423 2434 1532 2467 omnia
1556 2438 1587 2467 et
1611 2433 1741 2476 singula
1765 2433 1897 2476 privile-

1200 2517 1210 2542 1
1233 2514 1342 2550 Reliqua
1363 2514 1421 2541 vide
1440 2513 1465 2540 in
1487 2517 1549 2540 tom.
1572 2520 1622 2544 xv,
1641 2521 1701 2548 pag.
1722 2514 1771 2541 227
1791 2516 1829 2549 (a.
1846 2515 1896 2549 τ.).

1198 2559 1214 2586 *2
1235 2559 1305 2586 Edit.
1323 2559 1405 2586 Main.
1423 2558 1487 2593 legit
1508 2558 1580 2585 1543
1600 2564 1640 2591 (a.
1657 2560 1705 2593 T.J.

1198 2604 1215 2632 3
1235 2604 1305 2632 Edit.
1326 2604 1403 2631 Main.
1424 2603 1488 2639 legit
1507 2605 1676 2640 confirmata
1697 2611 1734 2640 tn.
1750 2609 1799 2639 τ.)-
