2254 3225
248 239 296 266 Λη.
314 238 341 267 C.
361 239 431 269 1695
477 232 542 266 674

291 1789 431 1810 cummutatio

247 1822 264 1842 ιν
272 1816 364 1837 ,κάκ-13.

1016 240 1195 266 BULLAMUM

439 290 652 323 saeculorum.
681 290 796 324 Amen.
823 290 1059 329 Decernentes‚
1085 290 1195 333 ipsas!

441 349 630 387 praesentes
644 344 766 377 litteras
781 354 909 387 semper
922 343 1039 383 sirmas,
1052 343 1172 376 validas

442 403 474 430 et
494 396 639 430 efficaces
657 398 797 430 existere
816 402 847 430 et
863 397 941 437 sore,
955 407 1096 439 suosque
1110 396 1174 438 ple·

442 450 551 483 narios
570 455 602 483 et
616 450 759 492 integros
778 449 908 482 ell'eetus
922 448 1030 481 sortiri
1049 453 1080 480 et
1097 446 1175 479 obti-
1194 476 1195 484 ,

442 513 530 542 nere,
543 512 578 535 ae
595 502 668 542 illis,
684 502 722 534 ad
741 512 821 544 quos
839 506 962 544 spectat
976 505 1007 533 et
1020 510 1078 542 pro
1097 504 1176 530 tem-

443 565 522 598 pore
537 554 703 598 spectabit,
721 554 753 585 in
775 554 923 586 omnibus
946 558 975 585 et
993 562 1051 594 per
1069 549 1175 584 omnia

443 608 630 651 plenissime
649 606 817 648 suffragari
835 611 866 639 et
883 607 921 638 ab
937 606 983 638 eis
999 603 1175 648 respective

443 660 675 693 inviolabiliter
696 659 878 699 observari,
904 659 1013 700 sicque
1031 657 1063 689 in
1084 666 1177 699 prae-

442 714 550 746 missis
575 723 635 757 per
659 722 880 756 quoscumque
905 711 1028 744 iudices
1054 708 1178 742 ordina-

442 768 507 800 rios
526 771 557 799 et
577 766 751 808 delegatos,
770 765 866 798 etiam
884 774 1051 798 causarum
1066 763 1176 806 palatii

443 819 612 864 apostolici
638 819 812 857 auditores,
833 817 967 851 iudicari
994 822 1026 850 et
1050 816 1177 849 definiri

444 874 565 907 debere
581 899 588 912 ,
616 883 652 905 ac
676 872 804 904 irritum
831 877 862 904 et
886 871 980 903 inane
999 897 1007 911 ,
1035 870 1060 902 si
1085 879 1178 902 secus

443 937 541 970 super
557 927 607 959 his
622 937 638 959 a
655 936 827 969 quoquam,
844 924 954 968 quavis
972 923 1175 962 auctoritate,

443 980 584 1014 scienter
600 980 649 1012 vel
672 979 868 1021 ignoranter,
887 977 1059 1019 contigerit
1076 982 1178 1008 atten-

442 1033 514 1065 tari.
548 1031 617 1064 Non
656 1031 858 1064 obstantibus
895 1029 1177 1063 constitutionibus

443 1091 475 1118 et
499 1084 759 1118 ordinationibus
783 1082 1177 1126 apostolicis,ceterisque

442 1137 614 1171 contrariis
634 1136 831 1180 quibusque.
852 1136 1002 1169 Volumus
1021 1141 1127 1168 autem
1143 1139 1179 1166 ut

442 1190 631 1224 earumdem
650 1190 874 1233 praesentium
892 1190 1075 1223 litterarum
1094 1194 1178 1221 tran-

442 1245 591 1288 sumptis,
608 1255 664 1277 seu
690 1244 857 1287 exemplis,
879 1244 975 1278 etiam
997 1242 1178 1286 impressis,

440 1308 540 1332 manu
565 1297 699 1331 alieuius
724 1297 841 1330 notarii
873 1297 998 1341 publici
1028 1296 1175 1329 subseri-

441 1351 517 1394 ptis,
535 1355 567 1384 et
586 1350 695 1393 sigillo
720 1360 881 1393 personae
899 1350 932 1382 in
958 1349 1179 1383 ecclesiastica

442 1404 601 1448 dignitate
638 1404 833 1437 constitutae
868 1403 999 1436 munitis
1016 1430 1023 1444 ‚
1063 1403 1177 1436 eadem

439 1468 576 1502 prorsus
604 1457 684 1490 fides
702 1457 734 1490 in
760 1457 878 1490 iudicio
897 1463 929 1489 et
950 1462 1038 1490 extra
1058 1456 1178 1489 habea-

441 1517 505 1550 tur,
530 1521 613 1554 quae
638 1509 864 1553 praesentibus
896 1509 975 1553 ipsis
1001 1509 1179 1542 haberetur

441 1564 466 1596 si
485 1564 593 1597 forent
619 1563 782 1597 exhibitae
809 1564 858 1596 vel
884 1568 1045 1596 ostensae.

476 1627 574 1653 Datum
593 1625 703 1657 Romae,
724 1625 794 1660 apud
810 1625 836 1651 S.
851 1625 960 1652 Mariam
975 1625 1114 1659 Maiorem,
1130 1624 1179 1651 sub

441 1671 542 1698 annulo
567 1671 730 1703 piscatoris,
756 1669 800 1696 die
829 1676 905 1696 xxvii
933 1669 999 1696 maii
1028 1676 1177 1702 nnctxxni,

442 1715 612 1751 pontificatus
632 1714 715 1741 nostri
734 1722 803 1741 anno
823 1721 860 1741 ιν,

487 1778 502 1821 g
526 1776 557 1809 ⁶2.
584 1776 661 1810 Cum
685 1781 801 1816 autem,
828 1776 909 1809 sicut
934 1776 1071 1809 dilectus
1097 1776 1179 1809 filius

442 1830 627 1864 Bernardus
645 1829 828 1863 Carinnena
847 1835 880 1862 et
896 1830 1180 1872 Spenza,vica1‘ius

443 1889 475 1917 et
492 1889 682 1927 procurator
701 1883 863 1925 generalis
883 1883 958 1915 dicti
973 1883 1179 1922 Ordinis,no-
1200 1901 1202 1929 Ι

441 1937 490 1970 bis
516 1947 620 1980 nuper
646 1936 763 1979 exponi
795 1936 879 1975 feeit,
912 1936 982 1979 ipse
1008 1946 1043 1968 ex
1069 1932 1202 1979 supra-⁵

442 1989 535 2023 dictis
560 1990 684 2029 diebus,
704 1989 820 2032 quibus
840 1989 1003 2022 absolutio
1029 1994 1061 2021 et
1084 1989 1182 2022 bene-

443 2042 541 2076 dictio
568 2042 732 2085 generalis
760 2041 957 2081 huiusmodi,
983 2042 1063 2074 sicut
1088 2052 1182 2085 prae-

441 2096 588 2137 mittitur,
602 2095 673 2128 sieri
699 2096 790 2135 solet,
809 2096 895 2128 diem
915 2096 1034 2128 festum
1051 2100 1181 2128 sanctae

442 2149 633 2183 Catharinae
661 2149 793 2191 virginis
828 2154 859 2181 et
891 2149 1038 2192 martyris
1071 2149 1103 2181 in
1135 2149 1182 2181 se-

442 2203 522 2235 riam
540 2202 685 2245 quintam
712 2202 744 2234 in
762 2201 868 2235 Coena
884 2201 1022 2241 Domini,
1041 2212 1103 2245 qua
1120 2202 1183 2234 sei-

441 2257 518 2290 licet
542 2255 782 2295 christifideles,
802 2257 923 2288 attenta
951 2256 1104 2298 temporis
1130 2266 1182 2298 pa-

442 2309 563 2342 schalis
589 2308 842 2351 opportunitate,
857 2308 895 2341 ad
922 2308 1076 2342 ecclesias
1095 2308 1181 2342 Ordi-

441 2362 491 2395 nis
516 2360 693 2405 supradicti
730 2371 790 2404 pro
826 2361 940 2394 eadem
970 2362 1179 2394 absolutione

442 2420 475 2449 et
502 2414 733 2451 benedictione
773 2413 918 2456 generali
950 2415 1180 2458 consequenda

440 2468 543 2511 magis
561 2466 707 2510 dispositi
725 2467 890 2506 accedent,
905 2467 1096 2500 commutari
1114 2467 1181 2510 plu-

441 2522 559 2554 rimum
584 2519 771 2553 desideret:
799 2529 869 2559 nos,
896 2519 998 2563 ipsius
1023 2519 1178 2553 Bernardi

441 2573 550 2607 vicarii
587 2578 619 2606 et
654 2572 872 2616 procuratoris
906 2572 1066 2614 generalis
1099 2573 1180 2607 votis

441 2628 503 2662 hac
528 2627 560 2660 in
586 2637 619 2659 re
647 2630 802 2670 quantum
820 2636 890 2658 cum
909 2625 1043 2659 Domino
1067 2636 1180 2670 possu-

1219 240 1372 266 Romnum

1215 300 1283 322 mus
1300 289 1518 322 favorabiliter
1535 299 1679 322 annuere
1699 289 1850 326 volentes,
1866 296 1951 320 eum-

1215 352 1277 384 que
1294 352 1312 374 a
1329 342 1493 385 quibusvis
1512 341 1863 380 excommunicationis,
1883 350 1952 372 sus-

1214 395 1379 437 pensionis
1403 401 1434 428 et
1464 395 1648 435 interdicti,
1675 395 1813 437 aliisque
1842 393 1949 426 eccle-

1216 446 1354 479 siasticis
1390 448 1569 487 sententiis,
1602 448 1744 480 censuris
1770 453 1800 480 et
1825 447 1951 490 poenis,

1217 509 1233 530 a
1254 499 1323 532 iure
1350 502 1400 533 vel
1425 500 1464 532 ab
1490 501 1631 539 homine,
1651 500 1763 543 quavis
1781 500 1953 533 occasione

1217 553 1266 584 vel
1289 551 1383 585 causa
1408 553 1490 593 latis,
1517 553 1541 585 si
1567 553 1684 595 quibus
1706 552 1955 596 quomodolibet

1218 604 1391 638 innodatus
1417 606 1536 646 existit,
1562 607 1601 639 ad
1628 606 1777 639 effectum
1800 617 1955 649 praesen-

1220 657 1297 690 tium
1336 659 1502 691 dumtaxat
1537 659 1815 702 consequendum,
1841 660 1954 692 harum

1219 711 1302 744 serie
1324 711 1530 744 absolventes
1548 717 1579 745 et
1595 713 1778 745 absolutum
1800 713 1868 745 sore
1885 723 1955 745 cen-

1220 769 1342 804 sentes,
1383 764 1677 808 supplicationibus
1718 765 1785 797 eius
1823 765 1956 798 nomine

1219 817 1314 850 nobis
1335 828 1432 861 super
1458 818 1521 850 hoc
1545 818 1713 851 humiliter
1729 818 1888 861 porrectis
1913 819 1958 851 in-

1220 870 1339 910 clinati,
1366 872 1550 904 laenitatem
1586 871 1793 915 impertiendi
1829 871 1958 905 absolu-

1221 924 1339 956 tionem
1365 929 1395 956 et
1413 924 1676 957 benedictionem
1695 925 1879 967 generalem
1897 925 1957 957 hu-

1220 976 1358 1009 iusmodi
1386 987 1444 1019 pro
1462 983 1642 1010 memorato
1659 977 1711 1010 die
1729 978 1810 1010 sesto
1828 983 1958 1011 sanctae

1220 1028 1414 1062 Catliarinae
1439 1029 1572 1072 virginis
1610 1035 1643 1062 et
1678 1029 1824 1073 martyris
1847 1029 1957 1063 Ordini

1220 1082 1365 1125 praefato
1391 1092 1602 1123 concessam,
1628 1087 1663 1114 ut
1693 1083 1901 1125 praefertur,
1926 1082 1958 1115 in

1221 1135 1334 1168 seriam
1359 1135 1504 1178 quintam
1529 1135 1562 1167 in
1587 1135 1693 1169 Coena
1717 1135 1856 1176 Domini,
1883 1146 1959 1178 apo-

1220 1187 1332 1220 stolica
1357 1188 1557 1228 auctoritate,
1584 1193 1697 1221 tenore
1722 1188 1956 1231 praesentium,

1220 1243 1344 1274 servata
1379 1246 1485 1273 tamen
1516 1241 1548 1273 in
1580 1241 1717 1284 reliquis
1754 1241 1959 1284 praeinserta

1220 1293 1401 1326 litterarum
1427 1294 1530 1326 forma
1551 1297 1580 1328 et
1598 1294 1822 1338 dispositione,
1842 1305 1959 1338 perpe-

1222 1352 1275 1379 tuo
1300 1347 1522 1380 transferimus
1550 1352 1581 1380 et
1606 1353 1875 1391 transportamus.

1264 1401 1278 1443 ἓ
1303 1399 1334 1433 3.
1362 1400 1432 1433 Non
1458 1400 1662 1433 obstantibus
1689 1401 1897 1443 praemissis,
1925 1411 1960 1433 ac

1221 1452 1505 1486 constitutionibus
1531 1458 1563 1485 et
1587 1453 1847 1486 ordinationibus
1875 1464 1957 1496 apo-

1220 1506 1361 1546 stolicis,
1400 1506 1585 1548 ceterisque
1621 1506 1790 1538 contrariis
1825 1506 1960 1549 quibus-

1221 1569 1371 1602 cumque.

1272 1612 1287 1655 ἓ
1322 1612 1353 1644 4.
1394 1611 1550 1644 Volumus
1592 1617 1702 1644 autem
1743 1617 1780 1644 ut
1818 1611 1960 1655 ipsarum

1221 1665 1441 1708 praesentium
1459 1665 1640 1697 litterarum
1660 1665 1881 1707 transumptis,
1904 1675 1962 1697 seu

1221 1719 1401 1762 exemplis,
1427 1719 1523 1752 etiam
1552 1718 1742 1761 impressis,
1775 1729 1873 1751 manu
1905 1719 1964 1752 ali-

1222 1772 1312 1805 euius
1340 1773 1461 1805 notarii
1485 1771 1608 1815 publici
1628 1772 1843 1815 subscriptis,
1866 1777 1898 1804 et
1922 1772 1965 1804 si-

1222 1825 1301 1867 gillo
1322 1836 1484 1868 personae
1509 1825 1543 1857 in
1564 1824 1786 1857 ecclesiastiea
1803 1824 1962 1867 dignitate

1221 1878 1416 1911 constitutae
1434 1878 1578 1918 munitis,
1593 1878 1708 1911 eadem
1725 1888 1860 1921 prorsus
1881 1878 1962 1910 fides

1222 1932 1255 1964 in
1291 1932 1413 1965 iudicio
1446 1938 1477 1965 et
1506 1937 1595 1964 extra
1628 1931 1846 1971 adhibeatur,
1879 1941 1962 1974 quae

1222 1986 1449 2029 praesentibus
1467 1985 1546 2028 ipsis
1564 1985 1777 2017 adhiberetur
1801 1984 1827 2017 si
1853 1985 1963 2017 forent

1223 2039 1387 2073 exhibitae
1413 2040 1462 2072 vel
1488 2043 1650 2071 ostensae.

1266 2094 1380 2127 Datum
1402 2093 1535 2131 Romae,
1556 2092 1643 2135 apud
1660 2091 1691 2124 S.
1711 2091 1843 2124 Mariam
1865 2091 1963 2124 Maio-

1222 2157 1303 2187 rem,
1330 2146 1392 2179 sub
1415 2145 1538 2181 annulo
1560 2144 1752 2184 Piscatoris,
1781 2144 1834 2177 die
1864 2154 1961 2177 xxvnt

1221 2201 1359 2233 ianuarii
1384 2209 1524 2238 unexev,
1548 2197 1755 2241 pontificatus
1781 2197 1886 2231 nostri
1909 2208 1962 2231 an-

1223 2264 1265 2288 no
1290 2264 1334 2287 iv.

1258 2316 1317 2343 Dat.
1339 2314 1381 2342 die
1396 2314 1430 2342 28
1446 2313 1560 2341 ianuarii
1575 2312 1655 2345 1695,
1671 2311 1767 2348 pontif.
1784 2319 1854 2340 anno
1869 2318 1906 2339 lv.

1550 2479 1625 2513 CIII.

1221 2572 1465 2615 Confirmanlur
1481 2569 1645 2603 nonnulla
1662 2569 1788 2603 decreta
1803 2570 1958 2603 commis-

1262 2626 1346 2660 sarii
1361 2624 1521 2670 yeneralis
1536 2634 1595 2667 pro
1613 2623 1812 2657 alternativd
1828 2634 1958 2658 servan-

1953 237 2006 267 An,
2021 237 2050 263 C.
2075 235 2141 262 uw5

1998 1413 2118 1434 Clausutae.

2012 1614 2073 1634 Fido<
2097 1616 2155 1635 iran-

1971 1644 2108 1668 Stunptut'utu.
