<?xml version="1.0" encoding="UTF-8"?>
<!DOCTYPE html PUBLIC "-//W3C//DTD XHTML 1.0 Transitional//EN"
    "http://www.w3.org/TR/xhtml1/DTD/xhtml1-transitional.dtd">
<html xmlns="http://www.w3.org/1999/xhtml" xml:lang="en" lang="en">
 <head>
  <title>
</title>
<meta http-equiv="Content-Type" content="text/html;charset=utf-8" />
  <meta name='ocr-system' content='tesseract 3.04.00' />
  <meta name='ocr-capabilities' content='ocr_page ocr_carea ocr_par ocr_line ocrx_word'/>
</head>
<body>
  <div class='ocr_page' id='page_1' title='image "./bullarumdiplomat20cath_0827.png"; bbox 0 0 2227 3225; ppageno 0'>
   <div class='ocr_carea' id='block_1_1' title="bbox 116 247 302 277">
    <p class='ocr_par' dir='ltr' id='par_1_1' title="bbox 116 247 302 277">
     <span class='ocr_line' id='line_1_1' title="bbox 116 247 302 277; baseline 0.011 -2"><span class='ocrx_word' id='word_1_1' title='bbox 116 247 167 277; x_wconf 75' lang='lat' dir='ltr'>An.</span> <span class='ocrx_word' id='word_1_2' title='bbox 188 247 216 276; x_wconf 86' lang='lat' dir='ltr'>C.</span> <span class='ocrx_word' id='word_1_3' title='bbox 234 248 302 277; x_wconf 70' lang='lat'>1696</span> 
     </span>
    </p>
   </div>
   <div class='ocr_carea' id='block_1_2' title="bbox 142 1742 264 1766">
    <p class='ocr_par' dir='ltr' id='par_1_2' title="bbox 142 1742 264 1766">
     <span class='ocr_line' id='line_1_2' title="bbox 142 1742 264 1766; baseline 0.016 -2"><span class='ocrx_word' id='word_1_4' title='bbox 142 1742 264 1766; x_wconf 70' lang='lat' dir='ltr'>clausulae.</span> 
     </span>
    </p>
   </div>
   <div class='ocr_carea' id='block_1_3' title="bbox 887 245 1240 272">
    <p class='ocr_par' dir='ltr' id='par_1_3' title="bbox 887 245 1240 272">
     <span class='ocr_line' id='line_1_3' title="bbox 887 245 1240 272; baseline -0.006 0"><span class='ocrx_word' id='word_1_5' title='bbox 887 245 1098 272; x_wconf 76' lang='lat' dir='ltr'><strong>TNNOCENTIUS</strong></span> <span class='ocrx_word' id='word_1_6' title='bbox 1121 245 1168 271; x_wconf 80' lang='lat' dir='ltr'>xil</span> <span class='ocrx_word' id='word_1_7' title='bbox 1190 245 1240 270; x_wconf 73' lang='lat' dir='ltr'>PP,</span> 
     </span>
    </p>
   </div>
   <div class='ocr_carea' id='block_1_4' title="bbox 309 295 1053 1346">
    <p class='ocr_par' dir='ltr' id='par_1_4' title="bbox 309 295 1053 1346">
     <span class='ocr_line' id='line_1_4' title="bbox 310 295 1049 339; baseline -0.001 -10"><span class='ocrx_word' id='word_1_8' title='bbox 310 296 372 339; x_wconf 86' lang='lat' dir='ltr'>gia,</span> <span class='ocrx_word' id='word_1_9' title='bbox 396 296 577 338; x_wconf 79' lang='lat' dir='ltr'>facultates,</span> <span class='ocrx_word' id='word_1_10' title='bbox 603 295 724 339; x_wconf 77' lang='lat' dir='ltr'>gratias</span> <span class='ocrx_word' id='word_1_11' title='bbox 750 299 782 329; x_wconf 87' lang='lat' dir='ltr'>et</span> <span class='ocrx_word' id='word_1_12' title='bbox 801 295 937 336; x_wconf 87' lang='lat' dir='ltr'>indulta,</span> <span class='ocrx_word' id='word_1_13' title='bbox 952 297 1049 329; x_wconf 89' lang='lat' dir='ltr'>colle-</span> 
     </span>
     <span class='ocr_line' id='line_1_5' title="bbox 311 348 1048 394; baseline 0 -12"><span class='ocrx_word' id='word_1_14' title='bbox 311 350 364 393; x_wconf 87' lang='lat' dir='ltr'>gio</span> <span class='ocrx_word' id='word_1_15' title='bbox 400 350 534 394; x_wconf 89' lang='lat' dir='ltr'>eiusque</span> <span class='ocrx_word' id='word_1_16' title='bbox 571 350 798 394; x_wconf 83' lang='lat' dir='ltr'>superioribus</span> <span class='ocrx_word' id='word_1_17' title='bbox 843 354 873 383; x_wconf 85' lang='lat' dir='ltr'>et</span> <span class='ocrx_word' id='word_1_18' title='bbox 909 348 1048 382; x_wconf 85' lang='lat' dir='ltr'>alumnis</span> 
     </span>
     <span class='ocr_line' id='line_1_6' title="bbox 309 403 1048 448; baseline 0 -12"><span class='ocrx_word' id='word_1_19' title='bbox 309 403 488 448; x_wconf 87' lang='lat' dir='ltr'>praedictis</span> <span class='ocrx_word' id='word_1_20' title='bbox 510 415 527 437; x_wconf 89' lang='lat' dir='ltr'>a</span> <span class='ocrx_word' id='word_1_21' title='bbox 545 409 726 437; x_wconf 87' lang='lat' dir='ltr'>meinorato</span> <span class='ocrx_word' id='word_1_22' title='bbox 752 404 852 437; x_wconf 83' lang='lat' dir='ltr'>Paulo</span> <span class='ocrx_word' id='word_1_23' title='bbox 871 408 902 437; x_wconf 86' lang='lat' dir='ltr'>et</span> <span class='ocrx_word' id='word_1_24' title='bbox 918 403 1048 436; x_wconf 89' lang='lat' dir='ltr'>Urbano</span> 
     </span>
     <span class='ocr_line' id='line_1_7' title="bbox 309 456 1050 499; baseline -0.003 -9"><span class='ocrx_word' id='word_1_25' title='bbox 309 457 621 499; x_wconf 80' lang='lat' dir='ltr'>praedecessoribus</span> <span class='ocrx_word' id='word_1_26' title='bbox 651 467 815 497; x_wconf 87' lang='lat' dir='ltr'>concessa,</span> <span class='ocrx_word' id='word_1_27' title='bbox 844 461 879 489; x_wconf 92' lang='lat' dir='ltr'>ut</span> <span class='ocrx_word' id='word_1_28' title='bbox 906 456 1050 499; x_wconf 84' lang='lat' dir='ltr'>praeser-</span> 
     </span>
     <span class='ocr_line' id='line_1_8' title="bbox 309 508 1050 552; baseline 0 -11"><span class='ocrx_word' id='word_1_29' title='bbox 309 514 380 549; x_wconf 88' lang='lat' dir='ltr'>tur,</span> <span class='ocrx_word' id='word_1_30' title='bbox 408 515 613 543; x_wconf 86' lang='lat' dir='ltr'>emanatasve</span> <span class='ocrx_word' id='word_1_31' title='bbox 643 509 785 552; x_wconf 82' lang='lat' dir='ltr'>desuper</span> <span class='ocrx_word' id='word_1_32' title='bbox 808 509 940 542; x_wconf 87' lang='lat' dir='ltr'>illorum</span> <span class='ocrx_word' id='word_1_33' title='bbox 965 508 1050 541; x_wconf 91' lang='lat' dir='ltr'>litte-</span> 
     </span>
     <span class='ocr_line' id='line_1_9' title="bbox 309 561 1050 606; baseline 0 -12"><span class='ocrx_word' id='word_1_34' title='bbox 309 571 363 594; x_wconf 88' lang='lat' dir='ltr'>ras</span> <span class='ocrx_word' id='word_1_35' title='bbox 388 563 619 606; x_wconf 86' lang='lat' dir='ltr'>praeinsertas‚</span> <span class='ocrx_word' id='word_1_36' title='bbox 647 573 720 596; x_wconf 90' lang='lat' dir='ltr'>cum</span> <span class='ocrx_word' id='word_1_37' title='bbox 746 562 897 596; x_wconf 91' lang='lat' dir='ltr'>omnibus</span> <span class='ocrx_word' id='word_1_38' title='bbox 929 567 960 595; x_wconf 89' lang='lat' dir='ltr'>et</span> <span class='ocrx_word' id='word_1_39' title='bbox 984 561 1050 594; x_wconf 84' lang='lat' dir='ltr'>sin-</span> 
     </span>
     <span class='ocr_line' id='line_1_10' title="bbox 310 615 1050 660; baseline -0.001 -12"><span class='ocrx_word' id='word_1_40' title='bbox 310 615 396 658; x_wconf 83' lang='lat' dir='ltr'>gulis</span> <span class='ocrx_word' id='word_1_41' title='bbox 421 615 455 648; x_wconf 90' lang='lat' dir='ltr'>in</span> <span class='ocrx_word' id='word_1_42' title='bbox 479 616 525 649; x_wconf 88' lang='lat' dir='ltr'>eis</span> <span class='ocrx_word' id='word_1_43' title='bbox 549 616 731 660; x_wconf 79' lang='lat' dir='ltr'>respective</span> <span class='ocrx_word' id='word_1_44' title='bbox 757 616 919 649; x_wconf 85' lang='lat' dir='ltr'>contentis</span> <span class='ocrx_word' id='word_1_45' title='bbox 945 620 977 648; x_wconf 89' lang='lat' dir='ltr'>et</span> <span class='ocrx_word' id='word_1_46' title='bbox 998 625 1050 648; x_wconf 82' lang='lat' dir='ltr'>ex-</span> 
     </span>
     <span class='ocr_line' id='line_1_11' title="bbox 309 668 1049 713; baseline -0.001 -12"><span class='ocrx_word' id='word_1_47' title='bbox 309 668 444 712; x_wconf 82' lang='lat' dir='ltr'>pressis,</span> <span class='ocrx_word' id='word_1_48' title='bbox 470 669 666 703; x_wconf 88' lang='lat' dir='ltr'>auctoritate</span> <span class='ocrx_word' id='word_1_49' title='bbox 692 669 875 713; x_wconf 77' lang='lat' dir='ltr'>apostolica</span> <span class='ocrx_word' id='word_1_50' title='bbox 891 696 899 710; x_wconf 95' lang='lat'>,</span> <span class='ocrx_word' id='word_1_51' title='bbox 932 673 1049 701; x_wconf 88' lang='lat' dir='ltr'>tenore</span> 
     </span>
     <span class='ocr_line' id='line_1_12' title="bbox 309 723 1051 766; baseline -0.001 -11"><span class='ocrx_word' id='word_1_52' title='bbox 309 723 553 765; x_wconf 88' lang='lat' dir='ltr'>praesentium,</span> <span class='ocrx_word' id='word_1_53' title='bbox 576 723 805 757; x_wconf 83' lang='lat' dir='ltr'>confirmamus</span> <span class='ocrx_word' id='word_1_54' title='bbox 831 728 864 756; x_wconf 90' lang='lat' dir='ltr'>et</span> <span class='ocrx_word' id='word_1_55' title='bbox 887 723 1051 766; x_wconf 88' lang='lat' dir='ltr'>approba-</span> 
     </span>
     <span class='ocr_line' id='line_1_13' title="bbox 309 775 1049 819; baseline -0.001 -12"><span class='ocrx_word' id='word_1_56' title='bbox 309 785 403 816; x_wconf 86' lang='lat' dir='ltr'>mus,</span> <span class='ocrx_word' id='word_1_57' title='bbox 441 775 571 819; x_wconf 84' lang='lat' dir='ltr'>illisque</span> <span class='ocrx_word' id='word_1_58' title='bbox 608 776 808 810; x_wconf 84' lang='lat' dir='ltr'>inviolabilis</span> <span class='ocrx_word' id='word_1_59' title='bbox 848 775 1049 819; x_wconf 84' lang='lat' dir='ltr'>apostolicae</span> 
     </span>
     <span class='ocr_line' id='line_1_14' title="bbox 311 827 1047 863; baseline 0 -3"><span class='ocrx_word' id='word_1_60' title='bbox 311 827 472 862; x_wconf 80' lang='lat' dir='ltr'>firmitatis</span> <span class='ocrx_word' id='word_1_61' title='bbox 496 830 597 862; x_wconf 87' lang='lat' dir='ltr'>robur</span> <span class='ocrx_word' id='word_1_62' title='bbox 617 834 650 862; x_wconf 90' lang='lat' dir='ltr'>et</span> <span class='ocrx_word' id='word_1_63' title='bbox 668 829 844 863; x_wconf 85' lang='lat' dir='ltr'>efficaciam</span> <span class='ocrx_word' id='word_1_64' title='bbox 868 828 1047 862; x_wconf 85' lang='lat' dir='ltr'>adiicimus.</span> 
     </span>
     <span class='ocr_line' id='line_1_15' title="bbox 310 880 1048 922; baseline 0.001 -9"><span class='ocrx_word' id='word_1_65' title='bbox 310 880 503 922; x_wconf 86' lang='lat' dir='ltr'>Praeterea,</span> <span class='ocrx_word' id='word_1_66' title='bbox 529 887 564 914; x_wconf 91' lang='lat' dir='ltr'>ut</span> <span class='ocrx_word' id='word_1_67' title='bbox 599 881 697 915; x_wconf 89' lang='lat' dir='ltr'>iidem</span> <span class='ocrx_word' id='word_1_68' title='bbox 728 882 848 915; x_wconf 81' lang='lat' dir='ltr'>alumni</span> <span class='ocrx_word' id='word_1_69' title='bbox 875 882 914 915; x_wconf 91' lang='lat' dir='ltr'>ad</span> <span class='ocrx_word' id='word_1_70' title='bbox 939 891 1048 914; x_wconf 88' lang='lat' dir='ltr'>sacros</span> 
     </span>
     <span class='ocr_line' id='line_1_16' title="bbox 311 934 1050 978; baseline 0 -12"><span class='ocrx_word' id='word_1_71' title='bbox 311 934 407 967; x_wconf 88' lang='lat' dir='ltr'>etiam</span> <span class='ocrx_word' id='word_1_72' title='bbox 432 935 673 978; x_wconf 75' lang='lat' dir='ltr'>presbyteratus</span> <span class='ocrx_word' id='word_1_73' title='bbox 707 935 839 968; x_wconf 89' lang='lat' dir='ltr'>ordines</span> <span class='ocrx_word' id='word_1_74' title='bbox 863 934 1050 968; x_wconf 90' lang='lat' dir='ltr'>huiusmodi</span> 
     </span>
     <span class='ocr_line' id='line_1_17' title="bbox 310 989 1052 1032; baseline -0.001 -12"><span class='ocrx_word' id='word_1_75' title='bbox 310 997 376 1020; x_wconf 92' lang='lat' dir='ltr'>non</span> <span class='ocrx_word' id='word_1_76' title='bbox 408 992 533 1020; x_wconf 80' lang='lat' dir='ltr'>tantum</span> <span class='ocrx_word' id='word_1_77' title='bbox 559 993 650 1021; x_wconf 61' lang='lat' dir='ltr'>extra</span> <span class='ocrx_word' id='word_1_78' title='bbox 676 993 824 1032; x_wconf 82' lang='lat' dir='ltr'>tempora</span> <span class='ocrx_word' id='word_1_79' title='bbox 850 999 866 1021; x_wconf 91' lang='lat' dir='ltr'>a</span> <span class='ocrx_word' id='word_1_80' title='bbox 891 989 962 1021; x_wconf 90' lang='lat' dir='ltr'>iure</span> <span class='ocrx_word' id='word_1_81' title='bbox 988 993 1052 1020; x_wconf 85' lang='lat' dir='ltr'>stu-</span> 
     </span>
     <span class='ocr_line' id='line_1_18' title="bbox 311 1040 1051 1079; baseline 0.003 -7"><span class='ocrx_word' id='word_1_82' title='bbox 311 1044 389 1079; x_wconf 78' lang='lat' dir='ltr'>tuta,</span> <span class='ocrx_word' id='word_1_83' title='bbox 408 1041 466 1073; x_wconf 90' lang='lat' dir='ltr'>sed</span> <span class='ocrx_word' id='word_1_84' title='bbox 493 1040 590 1073; x_wconf 91' lang='lat' dir='ltr'>etiam</span> <span class='ocrx_word' id='word_1_85' title='bbox 616 1040 800 1074; x_wconf 71' lang='lat' dir='ltr'>interstitiis</span> <span class='ocrx_word' id='word_1_86' title='bbox 825 1053 842 1075; x_wconf 88' lang='lat' dir='ltr'>a</span> <span class='ocrx_word' id='word_1_87' title='bbox 859 1052 951 1074; x_wconf 86' lang='lat' dir='ltr'>sacro</span> <span class='ocrx_word' id='word_1_88' title='bbox 969 1041 1051 1074; x_wconf 90' lang='lat' dir='ltr'>Con-</span> 
     </span>
     <span class='ocr_line' id='line_1_19' title="bbox 313 1092 1051 1138; baseline 0.001 -13"><span class='ocrx_word' id='word_1_89' title='bbox 313 1092 386 1126; x_wconf 88' lang='lat' dir='ltr'>cilio</span> <span class='ocrx_word' id='word_1_90' title='bbox 411 1092 600 1127; x_wconf 80' lang='lat' dir='ltr'>Tridentino</span> <span class='ocrx_word' id='word_1_91' title='bbox 628 1095 807 1138; x_wconf 80' lang='lat' dir='ltr'>designatis</span> <span class='ocrx_word' id='word_1_92' title='bbox 832 1095 964 1128; x_wconf 90' lang='lat' dir='ltr'>minime</span> <span class='ocrx_word' id='word_1_93' title='bbox 986 1104 1051 1127; x_wconf 89' lang='lat' dir='ltr'>ser-</span> 
     </span>
     <span class='ocr_line' id='line_1_20' title="bbox 311 1146 1050 1191; baseline 0.004 -13"><span class='ocrx_word' id='word_1_94' title='bbox 311 1146 400 1186; x_wconf 87' lang='lat' dir='ltr'>vatis,</span> <span class='ocrx_word' id='word_1_95' title='bbox 427 1147 568 1190; x_wconf 85' lang='lat' dir='ltr'>annique</span> <span class='ocrx_word' id='word_1_96' title='bbox 593 1148 754 1181; x_wconf 86' lang='lat' dir='ltr'>curriculo</span> <span class='ocrx_word' id='word_1_97' title='bbox 780 1159 844 1181; x_wconf 92' lang='lat' dir='ltr'>non</span> <span class='ocrx_word' id='word_1_98' title='bbox 865 1148 1050 1191; x_wconf 81' lang='lat' dir='ltr'>expectato,</span> 
     </span>
     <span class='ocr_line' id='line_1_21' title="bbox 313 1200 1051 1245; baseline 0.003 -13"><span class='ocrx_word' id='word_1_99' title='bbox 313 1209 350 1232; x_wconf 86' lang='lat' dir='ltr'>ac</span> <span class='ocrx_word' id='word_1_100' title='bbox 376 1200 502 1232; x_wconf 85' lang='lat' dir='ltr'>tametsi</span> <span class='ocrx_word' id='word_1_101' title='bbox 535 1200 566 1232; x_wconf 89' lang='lat' dir='ltr'>in</span> <span class='ocrx_word' id='word_1_102' title='bbox 592 1211 793 1245; x_wconf 88' lang='lat' dir='ltr'>unoquoque</span> <span class='ocrx_word' id='word_1_103' title='bbox 823 1212 860 1234; x_wconf 74' lang='lat' dir='ltr'>ex</span> <span class='ocrx_word' id='word_1_104' title='bbox 887 1201 979 1234; x_wconf 87' lang='lat' dir='ltr'>dictis</span> <span class='ocrx_word' id='word_1_105' title='bbox 1004 1211 1051 1234; x_wconf 86' lang='lat' dir='ltr'>sa-</span> 
     </span>
     <span class='ocr_line' id='line_1_22' title="bbox 313 1251 1052 1298; baseline 0.004 -14"><span class='ocrx_word' id='word_1_106' title='bbox 313 1251 376 1284; x_wconf 87' lang='lat' dir='ltr'>cris</span> <span class='ocrx_word' id='word_1_107' title='bbox 402 1253 580 1294; x_wconf 78' lang='lat' dir='ltr'>ordinibus,</span> <span class='ocrx_word' id='word_1_108' title='bbox 596 1260 770 1297; x_wconf 86' lang='lat' dir='ltr'>antequam</span> <span class='ocrx_word' id='word_1_109' title='bbox 797 1255 834 1288; x_wconf 86' lang='lat' dir='ltr'>ad</span> <span class='ocrx_word' id='word_1_110' title='bbox 861 1255 958 1287; x_wconf 85' lang='lat' dir='ltr'>alium</span> <span class='ocrx_word' id='word_1_111' title='bbox 977 1265 1052 1298; x_wconf 87' lang='lat' dir='ltr'>pro-</span> 
     </span>
     <span class='ocr_line' id='line_1_23' title="bbox 312 1306 1053 1346; baseline 0.001 -9"><span class='ocrx_word' id='word_1_112' title='bbox 312 1310 514 1345; x_wconf 72' lang='lat' dir='ltr'>moveantur,</span> <span class='ocrx_word' id='word_1_113' title='bbox 539 1316 572 1339; x_wconf 89' lang='lat' dir='ltr'>se</span> <span class='ocrx_word' id='word_1_114' title='bbox 599 1306 731 1339; x_wconf 90' lang='lat' dir='ltr'>minime</span> <span class='ocrx_word' id='word_1_115' title='bbox 751 1307 968 1346; x_wconf 72' lang='lat' dir='ltr'>exercuerint,</span> <span class='ocrx_word' id='word_1_116' title='bbox 989 1317 1053 1339; x_wconf 92' lang='lat' dir='ltr'>ser-</span> 
     </span>
    </p>
   </div>
   <div class='ocr_carea' id='block_1_5' title="bbox 312 1411 1053 1775">
    <p class='ocr_par' dir='ltr' id='par_1_5' title="bbox 312 1411 1053 1720">
     <span class='ocr_line' id='line_1_24' title="bbox 312 1411 1052 1455; baseline 0.003 -12"><span class='ocrx_word' id='word_1_117' title='bbox 312 1411 506 1443; x_wconf 86' lang='lat' dir='ltr'>insertarum</span> <span class='ocrx_word' id='word_1_118' title='bbox 538 1411 719 1444; x_wconf 88' lang='lat' dir='ltr'>litterarum</span> <span class='ocrx_word' id='word_1_119' title='bbox 753 1412 855 1444; x_wconf 73' lang='lat' dir='ltr'>forma</span> <span class='ocrx_word' id='word_1_120' title='bbox 887 1417 918 1445; x_wconf 89' lang='lat' dir='ltr'>et</span> <span class='ocrx_word' id='word_1_121' title='bbox 943 1412 1052 1455; x_wconf 88' lang='lat' dir='ltr'>dispo-</span> 
     </span>
     <span class='ocr_line' id='line_1_25' title="bbox 312 1463 1051 1508; baseline 0.003 -12"><span class='ocrx_word' id='word_1_122' title='bbox 312 1463 432 1496; x_wconf 80' lang='lat' dir='ltr'>sitione</span> <span class='ocrx_word' id='word_1_123' title='bbox 449 1490 457 1504; x_wconf 93' lang='lat'>,</span> <span class='ocrx_word' id='word_1_124' title='bbox 483 1464 687 1507; x_wconf 83' lang='lat' dir='ltr'>promoveri,</span> <span class='ocrx_word' id='word_1_125' title='bbox 707 1469 739 1497; x_wconf 90' lang='lat' dir='ltr'>et</span> <span class='ocrx_word' id='word_1_126' title='bbox 763 1465 904 1508; x_wconf 89' lang='lat' dir='ltr'>promoti</span> <span class='ocrx_word' id='word_1_127' title='bbox 930 1464 962 1497; x_wconf 90' lang='lat' dir='ltr'>in</span> <span class='ocrx_word' id='word_1_128' title='bbox 987 1465 1051 1498; x_wconf 89' lang='lat' dir='ltr'>illis</span> 
     </span>
     <span class='ocr_line' id='line_1_26' title="bbox 313 1518 1051 1552; baseline 0.001 -2"><span class='ocrx_word' id='word_1_129' title='bbox 313 1518 410 1551; x_wconf 87' lang='lat' dir='ltr'>etiam</span> <span class='ocrx_word' id='word_1_130' title='bbox 438 1518 472 1550; x_wconf 91' lang='lat' dir='ltr'>in</span> <span class='ocrx_word' id='word_1_131' title='bbox 505 1518 617 1551; x_wconf 86' lang='lat' dir='ltr'>altaris</span> <span class='ocrx_word' id='word_1_132' title='bbox 642 1518 827 1551; x_wconf 86' lang='lat' dir='ltr'>ministerio</span> <span class='ocrx_word' id='word_1_133' title='bbox 865 1519 1051 1552; x_wconf 86' lang='lat' dir='ltr'>ministrare</span> 
     </span>
     <span class='ocr_line' id='line_1_27' title="bbox 313 1570 1053 1614; baseline 0 -10"><span class='ocrx_word' id='word_1_134' title='bbox 313 1571 417 1604; x_wconf 88' lang='lat' dir='ltr'>libere</span> <span class='ocrx_word' id='word_1_135' title='bbox 437 1576 468 1604; x_wconf 86' lang='lat' dir='ltr'>et</span> <span class='ocrx_word' id='word_1_136' title='bbox 485 1570 572 1604; x_wconf 87' lang='lat' dir='ltr'>licite</span> <span class='ocrx_word' id='word_1_137' title='bbox 589 1571 717 1614; x_wconf 84' lang='lat' dir='ltr'>possint</span> <span class='ocrx_word' id='word_1_138' title='bbox 741 1577 772 1604; x_wconf 91' lang='lat' dir='ltr'>et</span> <span class='ocrx_word' id='word_1_139' title='bbox 789 1572 926 1612; x_wconf 79' lang='lat' dir='ltr'>valeant,</span> <span class='ocrx_word' id='word_1_140' title='bbox 946 1577 1053 1604; x_wconf 87' lang='lat' dir='ltr'>aucto-</span> 
     </span>
     <span class='ocr_line' id='line_1_28' title="bbox 313 1623 1052 1667; baseline 0.003 -11"><span class='ocrx_word' id='word_1_141' title='bbox 313 1623 409 1657; x_wconf 88' lang='lat' dir='ltr'>ritate</span> <span class='ocrx_word' id='word_1_142' title='bbox 435 1630 467 1657; x_wconf 93' lang='lat' dir='ltr'>et</span> <span class='ocrx_word' id='word_1_143' title='bbox 492 1629 604 1657; x_wconf 88' lang='lat' dir='ltr'>tenore</span> <span class='ocrx_word' id='word_1_144' title='bbox 630 1624 818 1667; x_wconf 83' lang='lat' dir='ltr'>praedictis,</span> <span class='ocrx_word' id='word_1_145' title='bbox 845 1624 1052 1658; x_wconf 81' lang='lat' dir='ltr'>concedimus</span> 
     </span>
     <span class='ocr_line' id='line_1_29' title="bbox 315 1678 594 1720; baseline -0.004 -9"><span class='ocrx_word' id='word_1_146' title='bbox 315 1683 348 1711; x_wconf 88' lang='lat' dir='ltr'>et</span> <span class='ocrx_word' id='word_1_147' title='bbox 372 1678 594 1720; x_wconf 80' lang='lat' dir='ltr'>indulgemus.</span> 
     </span>
    </p>

    <p class='ocr_par' dir='ltr' id='par_1_6' title="bbox 358 1731 1052 1775">
     <span class='ocr_line' id='line_1_30' title="bbox 358 1731 1052 1775; baseline 0 -10"><span class='ocrx_word' id='word_1_148' title='bbox 358 1732 373 1775; x_wconf 66' lang='lat' dir='ltr'>g</span> <span class='ocrx_word' id='word_1_149' title='bbox 397 1731 429 1765; x_wconf 80' lang='lat'>3.</span> <span class='ocrx_word' id='word_1_150' title='bbox 455 1732 686 1772; x_wconf 84' lang='lat' dir='ltr'>Decernentes‚</span> <span class='ocrx_word' id='word_1_151' title='bbox 708 1732 838 1764; x_wconf 77' lang='lat' dir='ltr'>casdem</span> <span class='ocrx_word' id='word_1_152' title='bbox 865 1739 1052 1775; x_wconf 76' lang='lat' dir='ltr'>praesentes</span> 
     </span>
    </p>
   </div>
   <div class='ocr_carea' id='block_1_6' title="bbox 313 1836 1056 2147">
    <p class='ocr_par' dir='ltr' id='par_1_7' title="bbox 313 1836 1056 2147">
     <span class='ocr_line' id='line_1_31' title="bbox 314 1836 1054 1881; baseline 0 -10"><span class='ocrx_word' id='word_1_153' title='bbox 314 1848 406 1871; x_wconf 84' lang='lat' dir='ltr'>caces</span> <span class='ocrx_word' id='word_1_154' title='bbox 421 1836 559 1870; x_wconf 82' lang='lat' dir='ltr'>existere</span> <span class='ocrx_word' id='word_1_155' title='bbox 581 1843 612 1870; x_wconf 89' lang='lat' dir='ltr'>et</span> <span class='ocrx_word' id='word_1_156' title='bbox 632 1838 709 1876; x_wconf 85' lang='lat' dir='ltr'>sore,</span> <span class='ocrx_word' id='word_1_157' title='bbox 729 1848 870 1881; x_wconf 86' lang='lat' dir='ltr'>suosque</span> <span class='ocrx_word' id='word_1_158' title='bbox 888 1838 1054 1881; x_wconf 86' lang='lat' dir='ltr'>plenarios</span> 
     </span>
     <span class='ocr_line' id='line_1_32' title="bbox 315 1890 1052 1934; baseline -0.001 -9"><span class='ocrx_word' id='word_1_159' title='bbox 315 1897 347 1925; x_wconf 91' lang='lat' dir='ltr'>et</span> <span class='ocrx_word' id='word_1_160' title='bbox 370 1892 514 1934; x_wconf 82' lang='lat' dir='ltr'>integros</span> <span class='ocrx_word' id='word_1_161' title='bbox 539 1890 669 1924; x_wconf 74' lang='lat' dir='ltr'>effectus</span> <span class='ocrx_word' id='word_1_162' title='bbox 700 1890 809 1923; x_wconf 81' lang='lat' dir='ltr'>sortiri</span> <span class='ocrx_word' id='word_1_163' title='bbox 836 1896 867 1924; x_wconf 91' lang='lat' dir='ltr'>et</span> <span class='ocrx_word' id='word_1_164' title='bbox 892 1891 1052 1932; x_wconf 87' lang='lat' dir='ltr'>obtinere,</span> 
     </span>
     <span class='ocr_line' id='line_1_33' title="bbox 314 1944 1053 1988; baseline 0 -10"><span class='ocrx_word' id='word_1_165' title='bbox 314 1955 351 1978; x_wconf 87' lang='lat' dir='ltr'>ac</span> <span class='ocrx_word' id='word_1_166' title='bbox 370 1944 445 1984; x_wconf 90' lang='lat' dir='ltr'>illis,</span> <span class='ocrx_word' id='word_1_167' title='bbox 462 1945 501 1977; x_wconf 90' lang='lat' dir='ltr'>ad</span> <span class='ocrx_word' id='word_1_168' title='bbox 527 1955 608 1988; x_wconf 89' lang='lat' dir='ltr'>quos</span> <span class='ocrx_word' id='word_1_169' title='bbox 635 1949 760 1987; x_wconf 80' lang='lat' dir='ltr'>spectat</span> <span class='ocrx_word' id='word_1_170' title='bbox 779 1951 809 1977; x_wconf 89' lang='lat' dir='ltr'>et</span> <span class='ocrx_word' id='word_1_171' title='bbox 826 1955 885 1988; x_wconf 82' lang='lat' dir='ltr'>pro</span> <span class='ocrx_word' id='word_1_172' title='bbox 908 1950 1053 1988; x_wconf 88' lang='lat' dir='ltr'>tempore</span> 
     </span>
     <span class='ocr_line' id='line_1_34' title="bbox 313 1997 1056 2041; baseline 0.001 -11"><span class='ocrx_word' id='word_1_173' title='bbox 313 1997 488 2041; x_wconf 78' lang='lat' dir='ltr'>spectabit,</span> <span class='ocrx_word' id='word_1_174' title='bbox 509 1997 541 2030; x_wconf 94' lang='lat' dir='ltr'>in</span> <span class='ocrx_word' id='word_1_175' title='bbox 561 1998 711 2030; x_wconf 88' lang='lat' dir='ltr'>omnibus</span> <span class='ocrx_word' id='word_1_176' title='bbox 733 2003 761 2030; x_wconf 90' lang='lat' dir='ltr'>et</span> <span class='ocrx_word' id='word_1_177' title='bbox 782 2008 841 2041; x_wconf 86' lang='lat' dir='ltr'>per</span> <span class='ocrx_word' id='word_1_178' title='bbox 862 1998 971 2030; x_wconf 87' lang='lat' dir='ltr'>onmia</span> <span class='ocrx_word' id='word_1_179' title='bbox 988 1999 1056 2041; x_wconf 89' lang='lat' dir='ltr'>ple-</span> 
     </span>
     <span class='ocr_line' id='line_1_35' title="bbox 314 2049 1053 2094; baseline 0 -11"><span class='ocrx_word' id='word_1_180' title='bbox 314 2050 446 2083; x_wconf 87' lang='lat' dir='ltr'>nissime</span> <span class='ocrx_word' id='word_1_181' title='bbox 465 2049 643 2093; x_wconf 74' lang='lat' dir='ltr'>suffragari,</span> <span class='ocrx_word' id='word_1_182' title='bbox 664 2051 771 2093; x_wconf 84' lang='lat' dir='ltr'>sicque</span> <span class='ocrx_word' id='word_1_183' title='bbox 797 2051 828 2083; x_wconf 91' lang='lat' dir='ltr'>in</span> <span class='ocrx_word' id='word_1_184' title='bbox 864 2051 1053 2094; x_wconf 77' lang='lat' dir='ltr'>praemissis</span> 
     </span>
     <span class='ocr_line' id='line_1_36' title="bbox 314 2103 1053 2147; baseline 0.003 -11"><span class='ocrx_word' id='word_1_185' title='bbox 314 2114 374 2147; x_wconf 91' lang='lat' dir='ltr'>per</span> <span class='ocrx_word' id='word_1_186' title='bbox 399 2114 623 2147; x_wconf 86' lang='lat' dir='ltr'>quoscumque</span> <span class='ocrx_word' id='word_1_187' title='bbox 655 2103 779 2136; x_wconf 81' lang='lat' dir='ltr'>iudices</span> <span class='ocrx_word' id='word_1_188' title='bbox 812 2105 997 2138; x_wconf 85' lang='lat' dir='ltr'>ordinarios</span> <span class='ocrx_word' id='word_1_189' title='bbox 1024 2111 1053 2138; x_wconf 92' lang='lat' dir='ltr'>et</span> 
     </span>
    </p>
   </div>
   <div class='ocr_carea' id='block_1_7' title="bbox 315 2157 1077 2202">
    <p class='ocr_par' dir='ltr' id='par_1_8' title="bbox 315 2157 1077 2202">
     <span class='ocr_line' id='line_1_37' title="bbox 315 2157 1077 2202; baseline 0.003 -12"><span class='ocrx_word' id='word_1_190' title='bbox 315 2157 497 2200; x_wconf 82' lang='lat' dir='ltr'>delegatos,</span> <span class='ocrx_word' id='word_1_191' title='bbox 524 2157 622 2190; x_wconf 82' lang='lat' dir='ltr'>etiam</span> <span class='ocrx_word' id='word_1_192' title='bbox 648 2167 816 2190; x_wconf 83' lang='lat' dir='ltr'>causarum</span> <span class='ocrx_word' id='word_1_193' title='bbox 841 2158 952 2201; x_wconf 87' lang='lat' dir='ltr'>palatii</span> <span class='ocrx_word' id='word_1_194' title='bbox 978 2169 1054 2202; x_wconf 81' lang='lat' dir='ltr'>apo-</span> <span class='ocrx_word' id='word_1_195' title='bbox 1075 2174 1077 2179; x_wconf 94' lang='lat'>·</span> 
     </span>
    </p>
   </div>
   <div class='ocr_carea' id='block_1_8' title="bbox 314 2211 1054 2682">
    <p class='ocr_par' dir='ltr' id='par_1_9' title="bbox 314 2211 1054 2682">
     <span class='ocr_line' id='line_1_38' title="bbox 315 2211 1051 2251; baseline 0.001 -7"><span class='ocrx_word' id='word_1_196' title='bbox 315 2211 421 2244; x_wconf 86' lang='lat' dir='ltr'>stolici</span> <span class='ocrx_word' id='word_1_197' title='bbox 447 2211 635 2251; x_wconf 83' lang='lat' dir='ltr'>auditores,</span> <span class='ocrx_word' id='word_1_198' title='bbox 661 2221 698 2244; x_wconf 86' lang='lat' dir='ltr'>ac</span> <span class='ocrx_word' id='word_1_199' title='bbox 730 2211 936 2244; x_wconf 83' lang='lat' dir='ltr'>eiusdem·S.</span> <span class='ocrx_word' id='word_1_200' title='bbox 957 2212 993 2244; x_wconf 88' lang='lat' dir='ltr'>R.</span> <span class='ocrx_word' id='word_1_201' title='bbox 1016 2212 1051 2245; x_wconf 89' lang='lat' dir='ltr'>E.</span> 
     </span>
     <span class='ocr_line' id='line_1_39' title="bbox 315 2263 1053 2307; baseline 0.001 -11"><span class='ocrx_word' id='word_1_202' title='bbox 315 2263 518 2304; x_wconf 82' lang='lat' dir='ltr'>cardinales,</span> <span class='ocrx_word' id='word_1_203' title='bbox 546 2263 642 2296; x_wconf 89' lang='lat' dir='ltr'>etiam</span> <span class='ocrx_word' id='word_1_204' title='bbox 676 2264 715 2297; x_wconf 90' lang='lat' dir='ltr'>de</span> <span class='ocrx_word' id='word_1_205' title='bbox 746 2265 848 2297; x_wconf 86' lang='lat' dir='ltr'>latere</span> <span class='ocrx_word' id='word_1_206' title='bbox 874 2266 997 2307; x_wconf 77' lang='lat' dir='ltr'>legatos</span> <span class='ocrx_word' id='word_1_207' title='bbox 1024 2271 1053 2297; x_wconf 87' lang='lat' dir='ltr'>et</span> 
     </span>
     <span class='ocr_line' id='line_1_40' title="bbox 315 2316 1054 2360; baseline 0.001 -11"><span class='ocrx_word' id='word_1_208' title='bbox 315 2316 525 2360; x_wconf 83' lang='lat' dir='ltr'>Apostolicae</span> <span class='ocrx_word' id='word_1_209' title='bbox 539 2316 630 2349; x_wconf 86' lang='lat' dir='ltr'>Sedis</span> <span class='ocrx_word' id='word_1_210' title='bbox 643 2316 791 2357; x_wconf 82' lang='lat' dir='ltr'>nuncios,</span> <span class='ocrx_word' id='word_1_211' title='bbox 807 2317 943 2350; x_wconf 87' lang='lat' dir='ltr'>iudicari</span> <span class='ocrx_word' id='word_1_212' title='bbox 958 2323 988 2350; x_wconf 89' lang='lat' dir='ltr'>et</span> <span class='ocrx_word' id='word_1_213' title='bbox 1005 2318 1054 2350; x_wconf 89' lang='lat' dir='ltr'>de-</span> 
     </span>
     <span class='ocr_line' id='line_1_41' title="bbox 314 2370 1052 2411; baseline 0.003 -9"><span class='ocrx_word' id='word_1_214' title='bbox 314 2370 400 2402; x_wconf 86' lang='lat' dir='ltr'>finiri</span> <span class='ocrx_word' id='word_1_215' title='bbox 417 2371 546 2411; x_wconf 85' lang='lat' dir='ltr'>debere,</span> <span class='ocrx_word' id='word_1_216' title='bbox 561 2381 598 2403; x_wconf 84' lang='lat' dir='ltr'>ac</span> <span class='ocrx_word' id='word_1_217' title='bbox 612 2370 739 2403; x_wconf 90' lang='lat' dir='ltr'>irritum</span> <span class='ocrx_word' id='word_1_218' title='bbox 755 2376 787 2403; x_wconf 90' lang='lat' dir='ltr'>et</span> <span class='ocrx_word' id='word_1_219' title='bbox 802 2371 906 2411; x_wconf 84' lang='lat' dir='ltr'>inane,</span> <span class='ocrx_word' id='word_1_220' title='bbox 919 2371 945 2403; x_wconf 88' lang='lat' dir='ltr'>si</span> <span class='ocrx_word' id='word_1_221' title='bbox 959 2382 1052 2404; x_wconf 86' lang='lat' dir='ltr'>secus</span> 
     </span>
     <span class='ocr_line' id='line_1_42' title="bbox 315 2424 1053 2467; baseline 0.001 -11"><span class='ocrx_word' id='word_1_222' title='bbox 315 2433 416 2467; x_wconf 82' lang='lat' dir='ltr'>super</span> <span class='ocrx_word' id='word_1_223' title='bbox 436 2424 486 2457; x_wconf 87' lang='lat' dir='ltr'>his</span> <span class='ocrx_word' id='word_1_224' title='bbox 501 2435 519 2457; x_wconf 85' lang='lat' dir='ltr'>a</span> <span class='ocrx_word' id='word_1_225' title='bbox 532 2435 707 2467; x_wconf 85' lang='lat' dir='ltr'>quoquam,</span> <span class='ocrx_word' id='word_1_226' title='bbox 723 2424 835 2467; x_wconf 84' lang='lat' dir='ltr'>quavis</span> <span class='ocrx_word' id='word_1_227' title='bbox 850 2424 1053 2464; x_wconf 79' lang='lat' dir='ltr'>auctoritate,</span> 
     </span>
     <span class='ocr_line' id='line_1_43' title="bbox 316 2477 1054 2520; baseline 0 -10"><span class='ocrx_word' id='word_1_228' title='bbox 316 2477 459 2510; x_wconf 86' lang='lat' dir='ltr'>scienter</span> <span class='ocrx_word' id='word_1_229' title='bbox 475 2478 525 2511; x_wconf 84' lang='lat' dir='ltr'>vel</span> <span class='ocrx_word' id='word_1_230' title='bbox 547 2478 745 2520; x_wconf 78' lang='lat' dir='ltr'>ignoranter,</span> <span class='ocrx_word' id='word_1_231' title='bbox 764 2477 937 2520; x_wconf 69' lang='lat' dir='ltr'>contigerit</span> <span class='ocrx_word' id='word_1_232' title='bbox 952 2483 1054 2510; x_wconf 81' lang='lat' dir='ltr'>atten-</span> 
     </span>
     <span class='ocr_line' id='line_1_44' title="bbox 315 2530 1052 2564; baseline 0.001 -2"><span class='ocrx_word' id='word_1_233' title='bbox 315 2530 388 2563; x_wconf 80' lang='lat' dir='ltr'>tari.</span> <span class='ocrx_word' id='word_1_234' title='bbox 422 2530 492 2563; x_wconf 87' lang='lat' dir='ltr'>Non</span> <span class='ocrx_word' id='word_1_235' title='bbox 527 2531 731 2564; x_wconf 86' lang='lat' dir='ltr'>obstantibus</span> <span class='ocrx_word' id='word_1_236' title='bbox 764 2531 1052 2564; x_wconf 83' lang='lat' dir='ltr'>constitutionibus</span> 
     </span>
     <span class='ocr_line' id='line_1_45' title="bbox 317 2584 1052 2628; baseline 0 -11"><span class='ocrx_word' id='word_1_237' title='bbox 317 2589 349 2617; x_wconf 89' lang='lat' dir='ltr'>et</span> <span class='ocrx_word' id='word_1_238' title='bbox 384 2584 643 2618; x_wconf 86' lang='lat' dir='ltr'>ordinationibus</span> <span class='ocrx_word' id='word_1_239' title='bbox 679 2585 890 2628; x_wconf 85' lang='lat' dir='ltr'>apostolicis,</span> <span class='ocrx_word' id='word_1_240' title='bbox 925 2595 1052 2618; x_wconf 75' lang='lat' dir='ltr'>necnon</span> 
     </span>
     <span class='ocr_line' id='line_1_46' title="bbox 317 2637 1053 2682; baseline 0 -11"><span class='ocrx_word' id='word_1_241' title='bbox 317 2637 467 2672; x_wconf 85' lang='lat' dir='ltr'>omnibus</span> <span class='ocrx_word' id='word_1_242' title='bbox 493 2643 524 2671; x_wconf 88' lang='lat' dir='ltr'>et</span> <span class='ocrx_word' id='word_1_243' title='bbox 554 2638 690 2682; x_wconf 81' lang='lat' dir='ltr'>singulis</span> <span class='ocrx_word' id='word_1_244' title='bbox 714 2639 777 2673; x_wconf 87' lang='lat' dir='ltr'>illis</span> <span class='ocrx_word' id='word_1_245' title='bbox 800 2649 881 2681; x_wconf 86' lang='lat' dir='ltr'>quae</span> <span class='ocrx_word' id='word_1_246' title='bbox 905 2638 935 2670; x_wconf 91' lang='lat' dir='ltr'>in</span> <span class='ocrx_word' id='word_1_247' title='bbox 960 2648 1053 2681; x_wconf 83' lang='lat' dir='ltr'>prae-</span> 
     </span>
    </p>
   </div>
   <div class='ocr_carea' id='block_1_9' title="bbox 1069 298 1073 989">
    <p class='ocr_par' dir='ltr' id='par_1_10' title="bbox 1069 298 1073 989">
     <span class='ocr_line' id='line_1_47' title="bbox 1069 298 1073 989; baseline 0 0"><span class='ocrx_word' id='word_1_248' title='bbox 1069 298 1073 989; x_wconf 95' lang='lat' dir='ltr'> </span> 
     </span>
    </p>
   </div>
   <div class='ocr_carea' id='block_1_10' title="bbox 1073 1261 1079 2651">
    <p class='ocr_par' dir='ltr' id='par_1_11' title="bbox 1073 1261 1079 2651">
     <span class='ocr_line' id='line_1_48' title="bbox 1073 1261 1079 2651; baseline 0 0"><span class='ocrx_word' id='word_1_249' title='bbox 1073 1261 1079 2651; x_wconf 95' lang='lat' dir='ltr'> </span> 
     </span>
    </p>
   </div>
   <div class='ocr_carea' id='block_1_11' title="bbox 1090 292 1829 712">
    <p class='ocr_par' dir='ltr' id='par_1_12' title="bbox 1090 292 1829 444">
     <span class='ocr_line' id='line_1_49' title="bbox 1090 292 1828 336; baseline -0.003 -9"><span class='ocrx_word' id='word_1_250' title='bbox 1090 295 1221 328; x_wconf 86' lang='lat' dir='ltr'>insertis</span> <span class='ocrx_word' id='word_1_251' title='bbox 1240 293 1330 326; x_wconf 84' lang='lat' dir='ltr'>Pauli</span> <span class='ocrx_word' id='word_1_252' title='bbox 1349 298 1379 326; x_wconf 91' lang='lat' dir='ltr'>et</span> <span class='ocrx_word' id='word_1_253' title='bbox 1399 293 1520 327; x_wconf 83' lang='lat' dir='ltr'>Urbani</span> <span class='ocrx_word' id='word_1_254' title='bbox 1538 292 1828 336; x_wconf 80' lang='lat' dir='ltr'>praedecessorum</span> 
     </span>
     <span class='ocr_line' id='line_1_50' title="bbox 1090 347 1829 386; baseline -0.004 -5"><span class='ocrx_word' id='word_1_255' title='bbox 1090 347 1207 381; x_wconf 88' lang='lat' dir='ltr'>litteris</span> <span class='ocrx_word' id='word_1_256' title='bbox 1234 357 1391 380; x_wconf 85' lang='lat' dir='ltr'>concessa</span> <span class='ocrx_word' id='word_1_257' title='bbox 1414 352 1489 379; x_wconf 88' lang='lat' dir='ltr'>sunt</span> <span class='ocrx_word' id='word_1_258' title='bbox 1513 357 1578 378; x_wconf 89' lang='lat' dir='ltr'>non</span> <span class='ocrx_word' id='word_1_259' title='bbox 1605 347 1755 386; x_wconf 78' lang='lat' dir='ltr'>obstare,</span> <span class='ocrx_word' id='word_1_260' title='bbox 1778 356 1829 378; x_wconf 89' lang='lat' dir='ltr'>ce-</span> 
     </span>
     <span class='ocr_line' id='line_1_51' title="bbox 1091 400 1728 444; baseline -0.003 -10"><span class='ocrx_word' id='word_1_261' title='bbox 1091 402 1234 444; x_wconf 88' lang='lat' dir='ltr'>terisque</span> <span class='ocrx_word' id='word_1_262' title='bbox 1260 400 1434 434; x_wconf 81' lang='lat' dir='ltr'>contrariis</span> <span class='ocrx_word' id='word_1_263' title='bbox 1460 400 1728 443; x_wconf 81' lang='lat' dir='ltr'>quibuscumque.</span> 
     </span>
    </p>

    <p class='ocr_par' dir='ltr' id='par_1_13' title="bbox 1091 450 1829 647">
     <span class='ocr_line' id='line_1_52' title="bbox 1134 450 1828 496; baseline -0.006 -10"><span class='ocrx_word' id='word_1_264' title='bbox 1134 454 1247 487; x_wconf 83' lang='lat' dir='ltr'>Datum</span> <span class='ocrx_word' id='word_1_265' title='bbox 1283 453 1416 493; x_wconf 80' lang='lat' dir='ltr'>Romae,</span> <span class='ocrx_word' id='word_1_266' title='bbox 1442 452 1528 496; x_wconf 81' lang='lat' dir='ltr'>apud</span> <span class='ocrx_word' id='word_1_267' title='bbox 1554 451 1585 484; x_wconf 83' lang='lat' dir='ltr'>S.</span> <span class='ocrx_word' id='word_1_268' title='bbox 1614 451 1743 484; x_wconf 81' lang='lat' dir='ltr'>Mariam</span> <span class='ocrx_word' id='word_1_269' title='bbox 1765 450 1828 483; x_wconf 68' lang='lat' dir='ltr'>lla-</span> 
     </span>
     <span class='ocr_line' id='line_1_53' title="bbox 1092 504 1829 546; baseline -0.005 -6"><span class='ocrx_word' id='word_1_270' title='bbox 1092 507 1203 546; x_wconf 90' lang='lat' dir='ltr'>iorem,</span> <span class='ocrx_word' id='word_1_271' title='bbox 1229 506 1289 539; x_wconf 84' lang='lat' dir='ltr'>sub</span> <span class='ocrx_word' id='word_1_272' title='bbox 1316 507 1437 540; x_wconf 88' lang='lat' dir='ltr'>annulo</span> <span class='ocrx_word' id='word_1_273' title='bbox 1456 504 1646 545; x_wconf 77' lang='lat' dir='ltr'>piscatoris,</span> <span class='ocrx_word' id='word_1_274' title='bbox 1669 505 1719 537; x_wconf 88' lang='lat' dir='ltr'>die</span> <span class='ocrx_word' id='word_1_275' title='bbox 1744 514 1829 537; x_wconf 76' lang='lat' dir='ltr'>xxvtt</span> 
     </span>
     <span class='ocr_line' id='line_1_54' title="bbox 1092 557 1829 604; baseline -0.007 -11"><span class='ocrx_word' id='word_1_276' title='bbox 1092 561 1203 604; x_wconf 86' lang='lat' dir='ltr'>aprilis</span> <span class='ocrx_word' id='word_1_277' title='bbox 1229 569 1378 602; x_wconf 64' lang='lat' dir='ltr'>ninexcw,</span> <span class='ocrx_word' id='word_1_278' title='bbox 1403 558 1611 604; x_wconf 81' lang='lat' dir='ltr'>pontificatus</span> <span class='ocrx_word' id='word_1_279' title='bbox 1646 557 1750 591; x_wconf 86' lang='lat' dir='ltr'>nostri</span> <span class='ocrx_word' id='word_1_280' title='bbox 1775 567 1829 589; x_wconf 86' lang='lat' dir='ltr'>an-</span> 
     </span>
     <span class='ocr_line' id='line_1_55' title="bbox 1091 613 1224 647; baseline 0.008 -1"><span class='ocrx_word' id='word_1_281' title='bbox 1091 624 1134 646; x_wconf 91' lang='lat' dir='ltr'>no</span> <span class='ocrx_word' id='word_1_282' title='bbox 1153 624 1189 647; x_wconf 92' lang='lat'>111</span> <span class='ocrx_word' id='word_1_283' title='bbox 1202 613 1224 646; x_wconf 85' lang='lat'>¹.</span> 
     </span>
    </p>

    <p class='ocr_par' dir='ltr' id='par_1_14' title="bbox 1127 674 1785 712">
     <span class='ocr_line' id='line_1_56' title="bbox 1127 674 1785 712; baseline -0.002 -9"><span class='ocrx_word' id='word_1_284' title='bbox 1127 675 1186 703; x_wconf 85' lang='lat' dir='ltr'>Dat.</span> <span class='ocrx_word' id='word_1_285' title='bbox 1203 675 1247 704; x_wconf 88' lang='lat' dir='ltr'>die</span> <span class='ocrx_word' id='word_1_286' title='bbox 1263 676 1295 703; x_wconf 74' lang='lat'>27</span> <span class='ocrx_word' id='word_1_287' title='bbox 1316 675 1409 712; x_wconf 85' lang='lat' dir='ltr'>aprilis</span> <span class='ocrx_word' id='word_1_288' title='bbox 1431 675 1508 708; x_wconf 68' lang='lat'>1694,</span> <span class='ocrx_word' id='word_1_289' title='bbox 1531 674 1631 711; x_wconf 76' lang='lat' dir='ltr'>pontif.</span> <span class='ocrx_word' id='word_1_290' title='bbox 1654 682 1724 703; x_wconf 83' lang='lat' dir='ltr'>anno</span> <span class='ocrx_word' id='word_1_291' title='bbox 1744 682 1785 702; x_wconf 88' lang='lat'>111.</span> 
     </span>
    </p>
   </div>
   <div class='ocr_carea' id='block_1_12' title="bbox 1370 742 1554 748">
    <p class='ocr_par' dir='ltr' id='par_1_15' title="bbox 1370 742 1554 748">
     <span class='ocr_line' id='line_1_57' title="bbox 1370 742 1554 748; baseline 0 0"><span class='ocrx_word' id='word_1_292' title='bbox 1370 742 1554 748; x_wconf 95' lang='lat' dir='ltr'> </span> 
     </span>
    </p>
   </div>
   <div class='ocr_carea' id='block_1_13' title="bbox 1383 792 1542 826">
    <p class='ocr_par' dir='ltr' id='par_1_16' title="bbox 1383 792 1542 826">
     <span class='ocr_line' id='line_1_58' title="bbox 1383 792 1542 826; baseline -0.006 0"><span class='ocrx_word' id='word_1_293' title='bbox 1383 792 1542 826; x_wconf 75' lang='lat' dir='ltr'><strong>CXXVIII.</strong></span> 
     </span>
    </p>
   </div>
   <div class='ocr_carea' id='block_1_14' title="bbox 1091 863 1834 1066">
    <p class='ocr_par' dir='ltr' id='par_1_17' title="bbox 1091 863 1834 1066">
     <span class='ocr_line' id='line_1_59' title="bbox 1091 863 1834 907; baseline -0.003 -10"><span class='ocrx_word' id='word_1_294' title='bbox 1091 863 1328 897; x_wconf 77' lang='lat' dir='ltr'>Admittuntar</span> <span class='ocrx_word' id='word_1_295' title='bbox 1344 863 1386 896; x_wconf 81' lang='lat' dir='ltr'>ad</span> <span class='ocrx_word' id='word_1_296' title='bbox 1402 864 1593 907; x_wconf 80' lang='lat' dir='ltr'>fruitionem</span> <span class='ocrx_word' id='word_1_297' title='bbox 1610 863 1834 906; x_wconf 61' lang='lat' dir='ltr'>indulgentia-</span> 
     </span>
     <span class='ocr_line' id='line_1_60' title="bbox 1135 916 1834 959; baseline -0.001 -11"><span class='ocrx_word' id='word_1_298' title='bbox 1135 927 1210 949; x_wconf 79' lang='lat' dir='ltr'>rum</span> <span class='ocrx_word' id='word_1_299' title='bbox 1237 916 1372 950; x_wconf 79' lang='lat' dir='ltr'>Ordinis</span> <span class='ocrx_word' id='word_1_300' title='bbox 1389 917 1496 949; x_wconf 77' lang='lat' dir='ltr'>scmcti</span> <span class='ocrx_word' id='word_1_301' title='bbox 1512 916 1695 959; x_wconf 71' lang='lat' dir='ltr'>Auyustim&#39;</span> <span class='ocrx_word' id='word_1_302' title='bbox 1711 916 1834 948; x_wconf 76' lang='lat' dir='ltr'>monia-</span> 
     </span>
     <span class='ocr_line' id='line_1_61' title="bbox 1138 968 1829 1003; baseline 0 -2"><span class='ocrx_word' id='word_1_303' title='bbox 1138 969 1181 1001; x_wconf 79' lang='lat' dir='ltr'>tes</span> <span class='ocrx_word' id='word_1_304' title='bbox 1205 970 1486 1003; x_wconf 74' lang='lat' dir='ltr'>Annunciationis</span> <span class='ocrx_word' id='word_1_305' title='bbox 1511 970 1550 1002; x_wconf 87' lang='lat' dir='ltr'>B.</span> <span class='ocrx_word' id='word_1_306' title='bbox 1578 969 1620 1002; x_wconf 80' lang='lat' dir='ltr'>M.</span> <span class='ocrx_word' id='word_1_307' title='bbox 1654 969 1688 1002; x_wconf 91' lang='lat' dir='ltr'>V.</span> <span class='ocrx_word' id='word_1_308' title='bbox 1716 968 1829 1002; x_wconf 86' lang='lat' dir='ltr'>Caele-</span> 
     </span>
     <span class='ocr_line' id='line_1_62' title="bbox 1138 1027 1451 1066; baseline 0.003 -11"><span class='ocrx_word' id='word_1_309' title='bbox 1138 1027 1203 1055; x_wconf 87' lang='lat' dir='ltr'>stes</span> <span class='ocrx_word' id='word_1_310' title='bbox 1228 1027 1451 1066; x_wconf 78' lang='lat' dir='ltr'>nuncupatae.</span> 
     </span>
    </p>
   </div>
   <div class='ocr_carea' id='block_1_15' title="bbox 1235 1093 1692 1165">
    <p class='ocr_par' dir='ltr' id='par_1_18' title="bbox 1235 1093 1692 1165">
     <span class='ocr_line' id='line_1_63' title="bbox 1269 1093 1655 1127; baseline 0.003 -8"><span class='ocrx_word' id='word_1_311' title='bbox 1269 1093 1470 1121; x_wconf 85' lang='lat' dir='ltr'>Innocentius</span> <span class='ocrx_word' id='word_1_312' title='bbox 1492 1093 1571 1126; x_wconf 81' lang='lat' dir='ltr'>Papa</span> <span class='ocrx_word' id='word_1_313' title='bbox 1591 1094 1655 1127; x_wconf 84' lang='lat' dir='ltr'>XII,</span> 
     </span>
     <span class='ocr_line' id='line_1_64' title="bbox 1235 1138 1692 1165; baseline 0 0"><span class='ocrx_word' id='word_1_314' title='bbox 1235 1139 1271 1165; x_wconf 87' lang='lat' dir='ltr'>ad</span> <span class='ocrx_word' id='word_1_315' title='bbox 1291 1138 1424 1165; x_wconf 80' lang='lat' dir='ltr'>futuram</span> <span class='ocrx_word' id='word_1_316' title='bbox 1443 1138 1488 1165; x_wconf 86' lang='lat' dir='ltr'>rei</span> <span class='ocrx_word' id='word_1_317' title='bbox 1509 1139 1692 1165; x_wconf 81' lang='lat' dir='ltr'>memoriam.</span> 
     </span>
    </p>
   </div>
   <div class='ocr_carea' id='block_1_16' title="bbox 1071 1199 2027 1350">
    <p class='ocr_par' dir='ltr' id='par_1_19' title="bbox 1071 1199 2027 1350">
     <span class='ocr_line' id='line_1_65' title="bbox 1138 1199 2027 1245; baseline -0.003 -13"><span class='ocrx_word' id='word_1_318' title='bbox 1138 1199 1226 1241; x_wconf 88' lang='lat' dir='ltr'>Cum,</span> <span class='ocrx_word' id='word_1_319' title='bbox 1252 1200 1334 1233; x_wconf 91' lang='lat' dir='ltr'>sicut</span> <span class='ocrx_word' id='word_1_320' title='bbox 1359 1200 1496 1233; x_wconf 84' lang='lat' dir='ltr'>dilectae</span> <span class='ocrx_word' id='word_1_321' title='bbox 1529 1200 1560 1232; x_wconf 91' lang='lat' dir='ltr'>in</span> <span class='ocrx_word' id='word_1_322' title='bbox 1591 1199 1716 1233; x_wconf 85' lang='lat' dir='ltr'>Christo</span> <span class='ocrx_word' id='word_1_323' title='bbox 1746 1200 1831 1233; x_wconf 78' lang='lat' dir='ltr'>filiae</span> <span class='ocrx_word' id='word_1_324' title='bbox 1857 1209 2027 1245; x_wconf 50' lang='lat' dir='ltr'>rrecosnmaf</span> 
     </span>
     <span class='ocr_line' id='line_1_66' title="bbox 1094 1237 2018 1286; baseline -0.002 -1"><span class='ocrx_word' id='word_1_325' title='bbox 1094 1253 1252 1286; x_wconf 85' lang='lat' dir='ltr'>moniales</span> <span class='ocrx_word' id='word_1_326' title='bbox 1266 1252 1394 1286; x_wconf 87' lang='lat' dir='ltr'>Ordinis</span> <span class='ocrx_word' id='word_1_327' title='bbox 1407 1253 1678 1286; x_wconf 79' lang='lat' dir='ltr'>Annunciationis</span> <span class='ocrx_word' id='word_1_328' title='bbox 1692 1254 1726 1286; x_wconf 90' lang='lat' dir='ltr'>B.</span> <span class='ocrx_word' id='word_1_329' title='bbox 1743 1253 1782 1286; x_wconf 79' lang='lat' dir='ltr'>M.</span> <span class='ocrx_word' id='word_1_330' title='bbox 1798 1254 1830 1286; x_wconf 73' lang='lat' dir='ltr'>V.</span> <span class='ocrx_word' id='word_1_331' title='bbox 1843 1237 2018 1284; x_wconf 54' lang='lat' dir='ltr'>3:³ss&#39;1i&#39;s&#39;t1i‘2iutsn&#39;iss‘</span> 
     </span>
     <span class='ocr_line' id='line_1_67' title="bbox 1071 1307 1833 1350; baseline -0.001 -11"><span class='ocrx_word' id='word_1_332' title='bbox 1071 1342 1072 1350; x_wconf 14' lang='grc' dir='ltr'>ἵ</span> <span class='ocrx_word' id='word_1_333' title='bbox 1096 1307 1269 1347; x_wconf 73' lang='lat' dir='ltr'>Caelestes,</span> <span class='ocrx_word' id='word_1_334' title='bbox 1296 1307 1472 1350; x_wconf 76' lang='lat' dir='ltr'>vulgariter</span> <span class='ocrx_word' id='word_1_335' title='bbox 1497 1318 1573 1340; x_wconf 71' lang='lat' dir='ltr'>vero</span> <span class='ocrx_word' id='word_1_336' title='bbox 1608 1307 1635 1339; x_wconf 84' lang='lat' dir='ltr'>le</span> <span class='ocrx_word' id='word_1_337' title='bbox 1671 1307 1833 1339; x_wconf 61' lang='lat' dir='ltr'>Ture-hine</span> 
     </span>
    </p>
   </div>
   <div class='ocr_carea' id='block_1_17' title="bbox 312 1354 1072 1403">
    <p class='ocr_par' dir='ltr' id='par_1_20' title="bbox 312 1354 1072 1403">
     <span class='ocr_line' id='line_1_68' title="bbox 312 1354 1072 1403; baseline 0.003 -13"><span class='ocrx_word' id='word_1_338' title='bbox 312 1360 383 1391; x_wconf 72' lang='lat' dir='ltr'>vata</span> <span class='ocrx_word' id='word_1_339' title='bbox 409 1364 516 1391; x_wconf 87' lang='lat' dir='ltr'>tamen</span> <span class='ocrx_word' id='word_1_340' title='bbox 548 1359 713 1402; x_wconf 87' lang='lat' dir='ltr'>ceteroqui</span> <span class='ocrx_word' id='word_1_341' title='bbox 741 1360 927 1392; x_wconf 87' lang='lat' dir='ltr'>earumdem</span> <span class='ocrx_word' id='word_1_342' title='bbox 959 1354 1072 1403; x_wconf 54' lang='lat' dir='ltr'>prae-¹</span> 
     </span>
    </p>
   </div>
   <div class='ocr_carea' id='block_1_18' title="bbox 1095 1360 1835 1721">
    <p class='ocr_par' dir='ltr' id='par_1_21' title="bbox 1095 1360 1835 1721">
     <span class='ocr_line' id='line_1_69' title="bbox 1095 1360 1833 1403; baseline 0.001 -12"><span class='ocrx_word' id='word_1_343' title='bbox 1095 1366 1308 1403; x_wconf 85' lang='lat' dir='ltr'>nuncupatae,</span> <span class='ocrx_word' id='word_1_344' title='bbox 1321 1360 1416 1393; x_wconf 86' lang='lat' dir='ltr'>nobis</span> <span class='ocrx_word' id='word_1_345' title='bbox 1430 1371 1535 1403; x_wconf 83' lang='lat' dir='ltr'>nuper</span> <span class='ocrx_word' id='word_1_346' title='bbox 1549 1361 1664 1403; x_wconf 75' lang='lat' dir='ltr'>exponi</span> <span class='ocrx_word' id='word_1_347' title='bbox 1680 1361 1833 1399; x_wconf 75' lang='lat' dir='ltr'>feceruut,</span> 
     </span>
     <span class='ocr_line' id='line_1_70' title="bbox 1095 1412 1833 1455; baseline 0.003 -11"><span class='ocrx_word' id='word_1_348' title='bbox 1095 1412 1183 1455; x_wconf 84' lang='lat' dir='ltr'>ipsae</span> <span class='ocrx_word' id='word_1_349' title='bbox 1208 1413 1266 1444; x_wconf 90' lang='lat' dir='ltr'>sub</span> <span class='ocrx_word' id='word_1_350' title='bbox 1293 1414 1406 1455; x_wconf 77' lang='lat' dir='ltr'>regula</span> <span class='ocrx_word' id='word_1_351' title='bbox 1431 1413 1533 1445; x_wconf 89' lang='lat' dir='ltr'>sancti</span> <span class='ocrx_word' id='word_1_352' title='bbox 1560 1413 1739 1455; x_wconf 72' lang='lat' dir='ltr'>Augustini,</span> <span class='ocrx_word' id='word_1_353' title='bbox 1759 1424 1833 1446; x_wconf 85' lang='lat' dir='ltr'>curn</span> 
     </span>
     <span class='ocr_line' id='line_1_71' title="bbox 1095 1464 1834 1508; baseline 0.001 -11"><span class='ocrx_word' id='word_1_354' title='bbox 1095 1464 1314 1508; x_wconf 83' lang='lat' dir='ltr'>peculiaribus</span> <span class='ocrx_word' id='word_1_355' title='bbox 1356 1465 1644 1498; x_wconf 85' lang='lat' dir='ltr'>constitutionibus</span> <span class='ocrx_word' id='word_1_356' title='bbox 1681 1476 1697 1497; x_wconf 91' lang='lat' dir='ltr'>a</span> <span class='ocrx_word' id='word_1_357' title='bbox 1730 1465 1834 1498; x_wconf 82' lang='lat' dir='ltr'>felicis</span> 
     </span>
     <span class='ocr_line' id='line_1_72' title="bbox 1095 1518 1834 1551; baseline 0.001 -2"><span class='ocrx_word' id='word_1_358' title='bbox 1095 1518 1334 1551; x_wconf 82' lang='lat' dir='ltr'>recordationis</span> <span class='ocrx_word' id='word_1_359' title='bbox 1366 1518 1464 1551; x_wconf 86' lang='lat' dir='ltr'>Paulo</span> <span class='ocrx_word' id='word_1_360' title='bbox 1498 1518 1521 1549; x_wconf 76' lang='lat' dir='ltr'>V</span> <span class='ocrx_word' id='word_1_361' title='bbox 1559 1524 1589 1551; x_wconf 84' lang='lat' dir='ltr'>et</span> <span class='ocrx_word' id='word_1_362' title='bbox 1625 1518 1762 1551; x_wconf 84' lang='lat' dir='ltr'>subinde</span> <span class='ocrx_word' id='word_1_363' title='bbox 1796 1518 1834 1550; x_wconf 82' lang='lat' dir='ltr'>ab</span> 
     </span>
     <span class='ocr_line' id='line_1_73' title="bbox 1096 1570 1834 1614; baseline 0 -11"><span class='ocrx_word' id='word_1_364' title='bbox 1096 1570 1225 1603; x_wconf 85' lang='lat' dir='ltr'>Urbano</span> <span class='ocrx_word' id='word_1_365' title='bbox 1247 1571 1310 1603; x_wconf 71' lang='lat' dir='ltr'>Ylll</span> <span class='ocrx_word' id='word_1_366' title='bbox 1330 1571 1481 1603; x_wconf 79' lang='lat' dir='ltr'>Romanis</span> <span class='ocrx_word' id='word_1_367' title='bbox 1506 1571 1713 1604; x_wconf 75' lang='lat' dir='ltr'>Pontificibus</span> <span class='ocrx_word' id='word_1_368' title='bbox 1739 1581 1834 1614; x_wconf 84' lang='lat' dir='ltr'>prae-</span> 
     </span>
     <span class='ocr_line' id='line_1_74' title="bbox 1097 1623 1835 1667; baseline 0 -11"><span class='ocrx_word' id='word_1_369' title='bbox 1097 1623 1324 1656; x_wconf 82' lang='lat' dir='ltr'>decessoribus</span> <span class='ocrx_word' id='word_1_370' title='bbox 1348 1624 1468 1657; x_wconf 89' lang='lat' dir='ltr'>nostris</span> <span class='ocrx_word' id='word_1_371' title='bbox 1491 1624 1689 1667; x_wconf 83' lang='lat' dir='ltr'>approbatis,</span> <span class='ocrx_word' id='word_1_372' title='bbox 1705 1624 1770 1656; x_wconf 82' lang='lat' dir='ltr'>Deo</span> <span class='ocrx_word' id='word_1_373' title='bbox 1791 1624 1835 1656; x_wconf 87' lang='lat' dir='ltr'>sa-</span> 
     </span>
     <span class='ocr_line' id='line_1_75' title="bbox 1097 1676 1834 1721; baseline 0.001 -12"><span class='ocrx_word' id='word_1_374' title='bbox 1097 1679 1284 1717; x_wconf 89' lang='lat' dir='ltr'>mulentnr‚</span> <span class='ocrx_word' id='word_1_375' title='bbox 1306 1688 1341 1710; x_wconf 86' lang='lat' dir='ltr'>ac</span> <span class='ocrx_word' id='word_1_376' title='bbox 1366 1678 1505 1721; x_wconf 89' lang='lat' dir='ltr'>proinde</span> <span class='ocrx_word' id='word_1_377' title='bbox 1537 1676 1770 1719; x_wconf 67' lang='lat' dir='ltr'>indulgentiis‘2</span> <span class='ocrx_word' id='word_1_378' title='bbox 1795 1678 1834 1710; x_wconf 86' lang='lat' dir='ltr'>ab</span> 
     </span>
    </p>
   </div>
   <div class='ocr_carea' id='block_1_19' title="bbox 313 1730 1834 1827">
    <p class='ocr_par' dir='ltr' id='par_1_22' title="bbox 313 1730 1834 1827">
     <span class='ocr_line' id='line_1_76' title="bbox 1074 1730 1834 1764; baseline 0.001 -2"><span class='ocrx_word' id='word_1_379' title='bbox 1074 1742 1076 1752; x_wconf 70' lang='lat'>&gt;</span> <span class='ocrx_word' id='word_1_380' title='bbox 1098 1731 1158 1763; x_wconf 87' lang='lat' dir='ltr'>bac</span> <span class='ocrx_word' id='word_1_381' title='bbox 1182 1730 1298 1763; x_wconf 75' lang='lat' dir='ltr'>Sancta</span> <span class='ocrx_word' id='word_1_382' title='bbox 1322 1730 1404 1763; x_wconf 84' lang='lat' dir='ltr'>Sede</span> <span class='ocrx_word' id='word_1_383' title='bbox 1430 1731 1540 1764; x_wconf 89' lang='lat' dir='ltr'>Ordini</span> <span class='ocrx_word' id='word_1_384' title='bbox 1563 1731 1707 1763; x_wconf 84' lang='lat' dir='ltr'>eiusdem</span> <span class='ocrx_word' id='word_1_385' title='bbox 1733 1731 1834 1763; x_wconf 85' lang='lat' dir='ltr'>sancti</span> 
     </span>
     <span class='ocr_line' id='line_1_77' title="bbox 313 1784 1076 1827; baseline 0 -9"><span class='ocrx_word' id='word_1_386' title='bbox 313 1785 437 1818; x_wconf 88' lang='lat' dir='ltr'>litteras</span> <span class='ocrx_word' id='word_1_387' title='bbox 462 1794 594 1827; x_wconf 87' lang='lat' dir='ltr'>semper</span> <span class='ocrx_word' id='word_1_388' title='bbox 617 1784 742 1823; x_wconf 79' lang='lat' dir='ltr'>sirmas,</span> <span class='ocrx_word' id='word_1_389' title='bbox 769 1785 890 1817; x_wconf 80' lang='lat' dir='ltr'>validas</span> <span class='ocrx_word' id='word_1_390' title='bbox 924 1791 956 1818; x_wconf 89' lang='lat' dir='ltr'>et</span> <span class='ocrx_word' id='word_1_391' title='bbox 988 1786 1054 1818; x_wconf 84' lang='lat' dir='ltr'>effi-</span> <span class='ocrx_word' id='word_1_392' title='bbox 1075 1792 1076 1799; x_wconf 64' lang='lat'>¹</span> 
     </span>
    </p>
   </div>
   <div class='ocr_carea' id='block_1_20' title="bbox 1097 1783 1837 2468">
    <p class='ocr_par' dir='ltr' id='par_1_23' title="bbox 1097 1783 1837 2468">
     <span class='ocr_line' id='line_1_78' title="bbox 1097 1783 1835 1828; baseline 0.001 -12"><span class='ocrx_word' id='word_1_393' title='bbox 1097 1783 1266 1826; x_wconf 79' lang='lat' dir='ltr'>Augustini</span> <span class='ocrx_word' id='word_1_394' title='bbox 1288 1783 1451 1817; x_wconf 85' lang='lat' dir='ltr'>concessis</span> <span class='ocrx_word' id='word_1_395' title='bbox 1469 1784 1591 1827; x_wconf 77' lang='lat' dir='ltr'>perfrui</span> <span class='ocrx_word' id='word_1_396' title='bbox 1617 1795 1715 1827; x_wconf 86' lang='lat' dir='ltr'>posse</span> <span class='ocrx_word' id='word_1_397' title='bbox 1732 1785 1835 1828; x_wconf 86' lang='lat' dir='ltr'>pluri-</span> 
     </span>
     <span class='ocr_line' id='line_1_79' title="bbox 1098 1838 1835 1882; baseline 0.001 -12"><span class='ocrx_word' id='word_1_398' title='bbox 1098 1848 1186 1870; x_wconf 85' lang='lat' dir='ltr'>mum</span> <span class='ocrx_word' id='word_1_399' title='bbox 1212 1838 1416 1870; x_wconf 87' lang='lat' dir='ltr'>desiderent:</span> <span class='ocrx_word' id='word_1_400' title='bbox 1442 1848 1502 1871; x_wconf 88' lang='lat' dir='ltr'>nos</span> <span class='ocrx_word' id='word_1_401' title='bbox 1519 1865 1526 1878; x_wconf 94' lang='lat'>‚</span> <span class='ocrx_word' id='word_1_402' title='bbox 1555 1838 1729 1881; x_wconf 85' lang='lat' dir='ltr'>specialem</span> <span class='ocrx_word' id='word_1_403' title='bbox 1755 1839 1835 1882; x_wconf 79' lang='lat' dir='ltr'>ipsis</span> 
     </span>
     <span class='ocr_line' id='line_1_80' title="bbox 1099 1891 1836 1934; baseline 0.001 -11"><span class='ocrx_word' id='word_1_404' title='bbox 1099 1891 1335 1934; x_wconf 82' lang='lat' dir='ltr'>exponentibus</span> <span class='ocrx_word' id='word_1_405' title='bbox 1354 1891 1490 1933; x_wconf 73' lang='lat' dir='ltr'>gratiam</span> <span class='ocrx_word' id='word_1_406' title='bbox 1509 1891 1615 1924; x_wconf 82' lang='lat' dir='ltr'>facere</span> <span class='ocrx_word' id='word_1_407' title='bbox 1631 1893 1788 1931; x_wconf 73' lang='lat' dir='ltr'>volentes,</span> <span class='ocrx_word' id='word_1_408' title='bbox 1805 1897 1836 1924; x_wconf 86' lang='lat' dir='ltr'>et</span> 
     </span>
     <span class='ocr_line' id='line_1_81' title="bbox 1098 1944 1834 1988; baseline 0.001 -11"><span class='ocrx_word' id='word_1_409' title='bbox 1098 1955 1208 1977; x_wconf 87' lang='lat' dir='ltr'>carum</span> <span class='ocrx_word' id='word_1_410' title='bbox 1233 1944 1414 1987; x_wconf 75' lang='lat' dir='ltr'>singulares</span> <span class='ocrx_word' id='word_1_411' title='bbox 1440 1956 1598 1988; x_wconf 81' lang='lat' dir='ltr'>personas</span> <span class='ocrx_word' id='word_1_412' title='bbox 1623 1957 1639 1977; x_wconf 89' lang='lat' dir='ltr'>a</span> <span class='ocrx_word' id='word_1_413' title='bbox 1665 1945 1834 1988; x_wconf 77' lang='lat' dir='ltr'>quibusvis</span> 
     </span>
     <span class='ocr_line' id='line_1_82' title="bbox 1099 1997 1836 2041; baseline 0.001 -12"><span class='ocrx_word' id='word_1_414' title='bbox 1099 1997 1454 2037; x_wconf 80' lang='lat' dir='ltr'>excommunicationis,</span> <span class='ocrx_word' id='word_1_415' title='bbox 1481 1997 1706 2041; x_wconf 73' lang='lat' dir='ltr'>suspensionis</span> <span class='ocrx_word' id='word_1_416' title='bbox 1732 2004 1764 2030; x_wconf 91' lang='lat' dir='ltr'>et</span> <span class='ocrx_word' id='word_1_417' title='bbox 1790 1999 1836 2030; x_wconf 88' lang='lat' dir='ltr'>in-</span> 
     </span>
     <span class='ocr_line' id='line_1_83' title="bbox 1098 2050 1834 2093; baseline 0.003 -11"><span class='ocrx_word' id='word_1_418' title='bbox 1098 2050 1235 2090; x_wconf 88' lang='lat' dir='ltr'>terdicti,</span> <span class='ocrx_word' id='word_1_419' title='bbox 1251 2050 1390 2093; x_wconf 86' lang='lat' dir='ltr'>aliisque</span> <span class='ocrx_word' id='word_1_420' title='bbox 1405 2051 1636 2084; x_wconf 79' lang='lat' dir='ltr'>ecclesiasticis</span> <span class='ocrx_word' id='word_1_421' title='bbox 1651 2052 1834 2092; x_wconf 84' lang='lat' dir='ltr'>sententiis,</span> 
     </span>
     <span class='ocr_line' id='line_1_84' title="bbox 1098 2103 1833 2146; baseline 0.001 -10"><span class='ocrx_word' id='word_1_422' title='bbox 1098 2103 1242 2136; x_wconf 87' lang='lat' dir='ltr'>censuris</span> <span class='ocrx_word' id='word_1_423' title='bbox 1263 2108 1295 2135; x_wconf 89' lang='lat' dir='ltr'>et</span> <span class='ocrx_word' id='word_1_424' title='bbox 1312 2104 1435 2146; x_wconf 87' lang='lat' dir='ltr'>poenis,</span> <span class='ocrx_word' id='word_1_425' title='bbox 1454 2115 1471 2136; x_wconf 85' lang='lat' dir='ltr'>a</span> <span class='ocrx_word' id='word_1_426' title='bbox 1488 2104 1559 2137; x_wconf 89' lang='lat' dir='ltr'>iure</span> <span class='ocrx_word' id='word_1_427' title='bbox 1574 2105 1622 2137; x_wconf 69' lang='lat' dir='ltr'>vel</span> <span class='ocrx_word' id='word_1_428' title='bbox 1638 2105 1676 2137; x_wconf 83' lang='lat' dir='ltr'>ab</span> <span class='ocrx_word' id='word_1_429' title='bbox 1689 2105 1833 2144; x_wconf 87' lang='lat' dir='ltr'>homine,</span> 
     </span>
     <span class='ocr_line' id='line_1_85' title="bbox 1098 2155 1837 2201; baseline 0.004 -14"><span class='ocrx_word' id='word_1_430' title='bbox 1098 2155 1210 2199; x_wconf 69' lang='lat' dir='ltr'>quavis</span> <span class='ocrx_word' id='word_1_431' title='bbox 1235 2156 1406 2189; x_wconf 83' lang='lat' dir='ltr'>occasione</span> <span class='ocrx_word' id='word_1_432' title='bbox 1432 2158 1482 2190; x_wconf 70' lang='lat' dir='ltr'>vel</span> <span class='ocrx_word' id='word_1_433' title='bbox 1509 2160 1600 2190; x_wconf 78' lang='lat' dir='ltr'>causa</span> <span class='ocrx_word' id='word_1_434' title='bbox 1619 2158 1702 2197; x_wconf 85' lang='lat' dir='ltr'>latis,</span> <span class='ocrx_word' id='word_1_435' title='bbox 1719 2158 1743 2189; x_wconf 84' lang='lat' dir='ltr'>si</span> <span class='ocrx_word' id='word_1_436' title='bbox 1769 2158 1837 2201; x_wconf 87' lang='lat' dir='ltr'>qui-</span> 
     </span>
     <span class='ocr_line' id='line_1_86' title="bbox 1098 2209 1834 2252; baseline 0.003 -11"><span class='ocrx_word' id='word_1_437' title='bbox 1098 2209 1155 2241; x_wconf 88' lang='lat' dir='ltr'>bus</span> <span class='ocrx_word' id='word_1_438' title='bbox 1190 2209 1437 2252; x_wconf 83' lang='lat' dir='ltr'>quomodolibet</span> <span class='ocrx_word' id='word_1_439' title='bbox 1472 2211 1647 2244; x_wconf 77' lang='lat' dir='ltr'>innodatae</span> <span class='ocrx_word' id='word_1_440' title='bbox 1673 2212 1834 2251; x_wconf 80' lang='lat' dir='ltr'>existunt,</span> 
     </span>
     <span class='ocr_line' id='line_1_87' title="bbox 1098 2262 1837 2305; baseline 0.003 -11"><span class='ocrx_word' id='word_1_441' title='bbox 1098 2262 1136 2295; x_wconf 87' lang='lat' dir='ltr'>ad</span> <span class='ocrx_word' id='word_1_442' title='bbox 1158 2262 1305 2295; x_wconf 80' lang='lat' dir='ltr'>effectum</span> <span class='ocrx_word' id='word_1_443' title='bbox 1327 2263 1549 2305; x_wconf 82' lang='lat' dir='ltr'>praesentium</span> <span class='ocrx_word' id='word_1_444' title='bbox 1569 2264 1734 2296; x_wconf 80' lang='lat' dir='ltr'>dumtaxat</span> <span class='ocrx_word' id='word_1_445' title='bbox 1759 2275 1837 2297; x_wconf 79' lang='lat' dir='ltr'>con-</span> 
     </span>
     <span class='ocr_line' id='line_1_88' title="bbox 1098 2317 1837 2359; baseline 0.004 -12"><span class='ocrx_word' id='word_1_446' title='bbox 1098 2317 1312 2359; x_wconf 82' lang='lat' dir='ltr'>sequendum,</span> <span class='ocrx_word' id='word_1_447' title='bbox 1339 2317 1454 2349; x_wconf 85' lang='lat' dir='ltr'>barum</span> <span class='ocrx_word' id='word_1_448' title='bbox 1480 2318 1562 2350; x_wconf 86' lang='lat' dir='ltr'>serie</span> <span class='ocrx_word' id='word_1_449' title='bbox 1584 2319 1786 2351; x_wconf 76' lang='lat' dir='ltr'>absolventes</span> <span class='ocrx_word' id='word_1_450' title='bbox 1806 2324 1837 2351; x_wconf 85' lang='lat' dir='ltr'>et</span> 
     </span>
     <span class='ocr_line' id='line_1_89' title="bbox 1097 2369 1837 2414; baseline 0.003 -13"><span class='ocrx_word' id='word_1_451' title='bbox 1097 2369 1260 2402; x_wconf 86' lang='lat' dir='ltr'>absolutas</span> <span class='ocrx_word' id='word_1_452' title='bbox 1285 2370 1355 2403; x_wconf 84' lang='lat' dir='ltr'>sore</span> <span class='ocrx_word' id='word_1_453' title='bbox 1380 2377 1562 2411; x_wconf 79' lang='lat' dir='ltr'>censentes,</span> <span class='ocrx_word' id='word_1_454' title='bbox 1588 2371 1837 2414; x_wconf 83' lang='lat' dir='ltr'>supplicationi-</span> 
     </span>
     <span class='ocr_line' id='line_1_90' title="bbox 1097 2423 1836 2468; baseline 0.001 -13"><span class='ocrx_word' id='word_1_455' title='bbox 1097 2423 1155 2455; x_wconf 83' lang='lat' dir='ltr'>bus</span> <span class='ocrx_word' id='word_1_456' title='bbox 1173 2433 1282 2456; x_wconf 85' lang='lat' dir='ltr'>earum</span> <span class='ocrx_word' id='word_1_457' title='bbox 1302 2423 1434 2456; x_wconf 88' lang='lat' dir='ltr'>nomine</span> <span class='ocrx_word' id='word_1_458' title='bbox 1459 2424 1554 2457; x_wconf 88' lang='lat' dir='ltr'>nobis</span> <span class='ocrx_word' id='word_1_459' title='bbox 1575 2434 1673 2468; x_wconf 84' lang='lat' dir='ltr'>super</span> <span class='ocrx_word' id='word_1_460' title='bbox 1692 2425 1754 2457; x_wconf 87' lang='lat' dir='ltr'>hoc</span> <span class='ocrx_word' id='word_1_461' title='bbox 1776 2425 1836 2456; x_wconf 77' lang='lat' dir='ltr'>liu-</span> 
     </span>
    </p>
   </div>
   <div class='ocr_carea' id='block_1_21' title="bbox 1097 2512 1836 2682">
    <p class='ocr_par' dir='ltr' id='par_1_24' title="bbox 1097 2512 1836 2638">
     <span class='ocr_line' id='line_1_91' title="bbox 1131 2512 1836 2548; baseline 0.001 -10"><span class='ocrx_word' id='word_1_462' title='bbox 1131 2513 1143 2538; x_wconf 72' lang='lat'><strong>1</strong></span> <span class='ocrx_word' id='word_1_463' title='bbox 1163 2512 1200 2539; x_wconf 86' lang='lat' dir='ltr'>lta</span> <span class='ocrx_word' id='word_1_464' title='bbox 1216 2512 1282 2548; x_wconf 79' lang='lat' dir='ltr'>legit</span> <span class='ocrx_word' id='word_1_465' title='bbox 1297 2512 1339 2539; x_wconf 84' lang='lat' dir='ltr'>ed.</span> <span class='ocrx_word' id='word_1_466' title='bbox 1358 2513 1437 2539; x_wconf 78' lang='lat' dir='ltr'>Main.</span> <span class='ocrx_word' id='word_1_467' title='bbox 1454 2516 1511 2539; x_wconf 78' lang='lat' dir='ltr'>tuni</span> <span class='ocrx_word' id='word_1_468' title='bbox 1527 2513 1554 2539; x_wconf 88' lang='lat' dir='ltr'>in</span> <span class='ocrx_word' id='word_1_469' title='bbox 1569 2516 1641 2539; x_wconf 73' lang='lat' dir='ltr'>textu</span> <span class='ocrx_word' id='word_1_470' title='bbox 1657 2516 1714 2539; x_wconf 88' lang='lat' dir='ltr'>tum</span> <span class='ocrx_word' id='word_1_471' title='bbox 1730 2513 1756 2539; x_wconf 91' lang='lat' dir='ltr'>in</span> <span class='ocrx_word' id='word_1_472' title='bbox 1773 2514 1836 2540; x_wconf 67' lang='lat' dir='ltr'>uota</span> 
     </span>
     <span class='ocr_line' id='line_1_92' title="bbox 1098 2557 1836 2591; baseline -0.001 -7"><span class='ocrx_word' id='word_1_473' title='bbox 1098 2558 1258 2591; x_wconf 76' lang='lat' dir='ltr'>marginali,</span> <span class='ocrx_word' id='word_1_474' title='bbox 1284 2558 1351 2585; x_wconf 84' lang='lat' dir='ltr'>adeo</span> <span class='ocrx_word' id='word_1_475' title='bbox 1373 2561 1402 2584; x_wconf 91' lang='lat' dir='ltr'>ut</span> <span class='ocrx_word' id='word_1_476' title='bbox 1428 2558 1506 2584; x_wconf 82' lang='lat' dir='ltr'>Bulla</span> <span class='ocrx_word' id='word_1_477' title='bbox 1530 2557 1580 2584; x_wconf 85' lang='lat' dir='ltr'>ista</span> <span class='ocrx_word' id='word_1_478' title='bbox 1600 2558 1743 2584; x_wconf 81' lang='lat' dir='ltr'>reserenda</span> <span class='ocrx_word' id='word_1_479' title='bbox 1767 2557 1836 2584; x_wconf 78' lang='lat' dir='ltr'>soret</span> 
     </span>
     <span class='ocr_line' id='line_1_93' title="bbox 1097 2602 1719 2638; baseline -0.002 -9"><span class='ocrx_word' id='word_1_480' title='bbox 1097 2611 1180 2637; x_wconf 81' lang='lat' dir='ltr'>supra</span> <span class='ocrx_word' id='word_1_481' title='bbox 1199 2602 1232 2628; x_wconf 85' lang='lat' dir='ltr'>ad</span> <span class='ocrx_word' id='word_1_482' title='bbox 1254 2611 1313 2638; x_wconf 77' lang='lat' dir='ltr'>pag.</span> <span class='ocrx_word' id='word_1_483' title='bbox 1330 2602 1381 2630; x_wconf 68' lang='lat'>623</span> <span class='ocrx_word' id='word_1_484' title='bbox 1396 2602 1446 2629; x_wconf 88' lang='lat' dir='ltr'>sub</span> <span class='ocrx_word' id='word_1_485' title='bbox 1462 2611 1534 2629; x_wconf 87' lang='lat' dir='ltr'>num.</span> <span class='ocrx_word' id='word_1_486' title='bbox 1552 2609 1595 2630; x_wconf 81' lang='lat' dir='ltr'>xc]</span> <span class='ocrx_word' id='word_1_487' title='bbox 1614 2603 1638 2637; x_wconf 66' lang='lat' dir='ltr'>[u</span> <span class='ocrx_word' id='word_1_488' title='bbox 1670 2604 1719 2636; x_wconf 85' lang='lat' dir='ltr'>T.).</span> 
     </span>
    </p>

    <p class='ocr_par' dir='ltr' id='par_1_25' title="bbox 1132 2646 1780 2682">
     <span class='ocr_line' id='line_1_94' title="bbox 1132 2646 1780 2682; baseline 0 -9"><span class='ocrx_word' id='word_1_489' title='bbox 1132 2647 1147 2673; x_wconf 77' lang='lat'>2</span> <span class='ocrx_word' id='word_1_490' title='bbox 1169 2646 1237 2674; x_wconf 81' lang='lat' dir='ltr'>Edit.</span> <span class='ocrx_word' id='word_1_491' title='bbox 1261 2646 1339 2673; x_wconf 59' lang='grc' dir='ltr'>Μαίη.</span> <span class='ocrx_word' id='word_1_492' title='bbox 1362 2647 1426 2682; x_wconf 70' lang='lat' dir='ltr'>legit</span> <span class='ocrx_word' id='word_1_493' title='bbox 1447 2647 1646 2681; x_wconf 64' lang='lat' dir='ltr'>indulycuuas</span> <span class='ocrx_word' id='word_1_494' title='bbox 1664 2647 1705 2681; x_wconf 78' lang='lat' dir='ltr'>(n.</span> <span class='ocrx_word' id='word_1_495' title='bbox 1729 2647 1780 2682; x_wconf 86' lang='lat' dir='ltr'>T.).</span> 
     </span>
    </p>
   </div>
   <div class='ocr_carea' id='block_1_22' title="bbox 1724 235 2018 271">
    <p class='ocr_par' dir='ltr' id='par_1_26' title="bbox 1724 235 2018 271">
     <span class='ocr_line' id='line_1_95' title="bbox 1724 235 2018 271; baseline 0 -3"><span class='ocrx_word' id='word_1_496' title='bbox 1724 235 1787 269; x_wconf 62' lang='lat'>747</span> <span class='ocrx_word' id='word_1_497' title='bbox 1833 243 1882 270; x_wconf 75' lang='lat' dir='ltr'>An.</span> <span class='ocrx_word' id='word_1_498' title='bbox 1904 243 1934 271; x_wconf 85' lang='lat' dir='ltr'>c.</span> <span class='ocrx_word' id='word_1_499' title='bbox 1953 242 2018 269; x_wconf 70' lang='lat' dir='ltr'>tuoe</span> 
     </span>
    </p>
   </div>
  </div>
 </body>
</html>
