2254 3225
458 233 522 266 1518

424 296 610 335 agnoscant,
637 291 766 335 penitus
791 291 838 323 vel
866 291 896 322 iu
922 294 1012 333 parte
1033 289 1159 327 omissa,

232 244 281 273 An.
298 243 327 270 G.
349 242 413 269 ¹09.AE

424 346 546 379 litteras
561 350 708 388 patentes
729 344 939 387 supr.·ulietas,
955 342 1160 385 praepotenti
1182 383 1183 386 Ἴ

425 403 636 442 patronorum
663 395 855 439 interposita
881 397 980 437 opera
1004 399 1030 426 et
1051 399 1161 425 aucto-
1181 395 1183 411 ³

425 452 528 490 ritate,
555 451 593 482 de
618 449 766 482 manibus
799 447 874 481 dicti
900 446 1038 479 ministri
1065 445 1183 487 gene-3

425 504 500 537 ralis
540 506 745 545 extorquent,
772 506 804 533 et
838 500 913 531 inde
953 499 986 530 in
1022 498 1160 540 publicis

425 557 605 591 studiorum
642 553 844 597 generalium
882 551 1157 590 universitatibus,

1002 239 1181 264 BULLARIUM
1195 220 1361 263 uROMAIN‘UM

1182 288 1184 294 ⁴
1204 287 1418 320 cardinalium
1436 285 1574 328 negotiis
1592 290 1623 317 et
1647 283 1938 317 con·uilt:uionibus

1205 340 1432 382 cpiscoporum
1458 343 1488 369 et
1512 337 1705 380 regularium
1737 336 1939 379 praeposito-

1204 403 1272 424 rum
1299 391 1493 429 rousilio,et
1517 391 1638 423 attenta
1665 388 1821 422 relatione
1847 399 1939 421 venc-

1205 445 1312 477 ralulis
1344 445 1450 476 fratris
1476 444 1576 476 nostri
1611 444 1760 476 Alderani
1792 443 1936 485 episcopi

1181 479 1183 515 Ι
1203 497 1358 529 (tulensis
1381 496 1495 529 S.R.E.
1522 495 1695 528 cardinalis
1709 496 1794 538 Cyho
1817 506 1938 527 nuncu-

1180 549 1280 604 'patL
1308 549 1385 581 dieti
1411 548 1539 581 Ordinis
1564 549 1648 591 apud
1677 559 1735 581 nos
1763 554 1794 580 et
1824 549 1937 581 Sedem

424 612 479 644 ubi
504 618 750 651 nonnumquam
776 606 878 648 magis
902 606 1027 638 lucrum
1064 615 1159 647 quam
1181 605 1183 618 ¹
1204 601 1422 643 Apostolicam
1454 601 1662 644 protectori&
1689 601 1842 644 praefatis
1867 613 1938 634 car-

425 663 549 696 virtutis
566 661 716 694 meritum
728 659 912 702 respicitur,
932 657 1076 690 doctoris
1101 668 1158 689 seu

426 716 568 759 magistri
596 715 686 747 titulo
712 713 914 751 decorantur,
946 711 1057 753 sicque
1094 710 1160 753 pri-

426 769 553 812 vilegiis
579 768 657 800 atias
675 765 803 799 nonnisi
822 775 894 797 vere
920 763 1081 805 magistris
1102 773 1157 795 seu

427 822 613 857 doctoribus
648 818 908 862 competentibus
939 816 1101 858 gaudent,
1126 816 1159 847 in

427 876 598 909 maximam
623 873 804 906 studiorum
837 870 990 903 iacturam
1022 873 1054 901 et
1081 868 1161 900 alio-

426 940 495 962 rum
514 926 732 970 antiquiorum
750 923 954 957 sacerdotum
976 921 1053 955 dicti
1073 921 1160 954 Ordi-

427 982 476 1015 nis
503 978 752 1024 praeiudicium,
778 987 814 1010 ac
838 986 904 1008 non
928 975 996 1007 sine
1020 974 1160 1007 evidenti

427 1034 598 1077 religiosae
614 1030 814 1075 paupertatis
831 1029 1042 1067 detrimento,
1061 1037 1161 1070 quan-

427 1087 602 1130 doquidem
637 1085 688 1117 isti
719 1084 764 1116 sic
799 1081 968 1115 laureandi
1002 1080 1160 1113 notabiles

427 1139 636 1183 pecuniarum
663 1145 802 1169 summas
842 1134 872 1166 in
909 1133 1029 1167 Ordine
1051 1143 1162 1176 supra-

428 1194 512 1226 dicto
545 1191 724 1233 eolligunt,
751 1189 888 1232 illasque
928 1187 974 1220 sic
1008 1187 1162 1220 collectas

429 1247 506 1280 soris
532 1245 719 1288 expendunt
743 1247 773 1275 et
798 1241 992 1275 distrahunt.

262 1309 337 1328 rrms
358 1308 418 1329 mini·
472 1301 486 1344 ᾗ
511 1299 542 1332 02.
570 1298 647 1332 Cum
672 1302 787 1336 autem,
800 1295 882 1327 sicut
907 1295 1019 1327 eadem
1040 1293 1162 1337 exposi-

236 1338 419 1386 iilis‘i'si'issffliiif
430 1354 473 1387 tio
498 1352 732 1393 subiungebat,
760 1349 863 1381 dictus
888 1348 1024 1380 loannes
1048 1357 1164 1389 procu-

428 1411 517 1439 rator
541 1403 703 1447 generalis
732 1402 849 1434 abusus
872 1399 1061 1432 huiusmodi
1093 1398 1163 1431 tolli

428 1459 575 1500 viamque
597 1456 659 1488 illis
678 1455 709 1487 in
729 1459 894 1497 posterum
913 1451 1081 1496 praecludi
1099 1452 1165 1494 plu-

428 1511 542 1543 rimum
569 1508 740 1547 desideret,
766 1506 860 1540 nohis
877 1510 1053 1548 propterea
1077 1504 1162 1537 idem

427 1564 564 1596 Ioannes
597 1561 688 1605 prior
720 1558 884 1603 generalis
910 1558 1006 1590 etiam
1031 1556 1163 1590 nomine

428 1615 536 1649 dilecti
573 1614 630 1648 filii
666 1613 772 1646 Iacobi
808 1611 953 1645 Gnidotti
978 1621 996 1643 a
1020 1611 1164 1644 Bononia

428 1669 566 1701 ministri
592 1666 752 1711 generalis
778 1665 923 1698 eiusdem
952 1663 1081 1697 Ordinis
1107 1663 1165 1696 hu-

429 1722 548 1755 militer
572 1719 750 1764 supplicari
771 1718 904 1758 secit‚ut
920 1717 953 1750 in
978 1716 1162 1759 praemissis

429 1780 611 1818 opportune
637 1772 808 1816 providere
841 1775 873 1803 et
897 1775 931 1802 ut
955 1769 1038 1802 infra
1061 1769 1164 1802 indul-

429 1838 506 1870 gere
539 1827 578 1860 de
608 1825 808 1868 benignitate
838 1822 1018 1867 apostolica
1052 1822 1164 1865 digna-

428 1890 552 1912 remur.

305 1941 419 1978 cfsncosmo
473 1933 487 1976 ἓ
512 1932 543 1965 3.
570 1931 633 1965 Nos
658 1930 765 1973 igitur,
780 1929 926 1963 eiusdem
947 1928 1075 1961 Ioannis
1091 1937 1163 1972 pro-

237 1968 589 2023 EZTS‘iiffls'na-{sslcuratoris
607 1984 768 2027 generalis
786 1983 865 2016 votis
883 1983 943 2015 hac
960 1983 993 2015 in
1010 1992 1054 2023 re,
1069 1992 1164 2025 quan-

237 2023 282 2068 llis.
291 2021 420 2042 “mmmm'
431 2044 496 2071 tum
508 2048 579 2070 cum
598 2037 732 2070 Domino
750 2046 928 2080 possumus,
941 2035 1165 2068 favorabiliter

430 2101 572 2124 annuere
602 2091 760 2129 volentes,
794 2098 932 2132 eumque
957 2098 974 2120 a
999 2087 1164 2131 quibusvis

431 2142 784 2182 excommunicationis
811 2141 1034 2184 suspensionis
1061 2144 1094 2174 et
1117 2141 1165 2173 in-

430 2195 573 2236 terdicti,
592 2196 727 2238 aliisque
749 2194 976 2228 ecclesiasticis
993 2194 1164 2227 sententiis

431 2249 576 2283 censuris
601 2254 632 2282 et
662 2248 788 2292 poeniS,
813 2258 831 2281 a
854 2248 924 2281 iure
956 2248 1006 2280 vel
1037 2248 1076 2280 ab
1108 2247 1165 2281 ho-

430 2302 527 2345 mine,
545 2302 658 2346 quavis
691 2300 859 2334 occasione
883 2302 934 2334 vel
958 2302 1056 2334 causa
1079 2300 1163 2340 latis,

430 2357 455 2388 si
492 2355 609 2399 quibus
642 2353 889 2397 quomodolibet
923 2354 955 2386 in
990 2353 1164 2386 innodatus

430 2409 545 2450 existit,
565 2409 604 2442 ad
625 2407 773 2441 effectum
797 2407 1019 2450 praesentium
1045 2406 1165 2440 dumta-

429 2467 484 2496 xat
512 2460 786 2504 consequendum,
812 2459 927 2492 harum
952 2459 1035 2492 serie
1060 2460 1165 2492 ahsol-

429 2520 540 2549 ventes
564 2519 596 2548 et
619 2513 803 2546 absolutum
824 2512 893 2545 sore
911 2516 1089 2553 censentes,
1110 2512 1164 2545 hu-

431 2568 569 2602 iusmodi
605 2565 897 2611 supplicationibus
931 2565 1098 2606 inclinati,
1125 2564 1163 2599 de

430 2621 661 2656 venerabilium
683 2620 818 2654 fratrum
837 2619 1023 2654 nostrorum
1047 2618 1161 2653 S.R.E.

1174 650 1375 693 ²dinalibus,
1401 654 1456 697 qui
1494 653 1592 686 etiam
1629 654 1750 686 dictum
1788 655 1939 693 Iacobum

1203 706 1387 738 ministrum
1411 706 1596 748 generalem
1623 707 1824 745 audiverunt,
1844 708 1937 747 sacta,

1204 761 1309 793 eidem
1334 761 1449 793 Iacobo
1475 766 1506 793 et
1530 772 1590 803 pro
1617 767 1763 803 tempore
1790 761 1939 793 existenti

1203 813 1352 846 ministro
1377 813 1522 856 generali
1540 812 1668 845 Ordinis
1690 812 1876 845 huiusmodi
1897 814 1941 846 sa—

1203 867 1367 905 cultatem,
1392 866 1547 909 privative
1572 866 1676 908 quoad
1711 876 1823 897 omues
1849 865 1939 904 alios,

1203 919 1392 952 conserendi
1438 919 1622 952 doctoratus
1664 929 1719 951 seu
1762 919 1939 961 magisterii

1204 973 1345 1005 lauream
1373 972 1523 1004 fratribus
1556 971 1588 1004 in
1614 971 1699 1004 dicto
1724 971 1842 1004 Ordine
1869 982 1942 1014 pro-

1206 1025 1308 1065 fessis,
1333 1025 1387 1068 qui
1413 1029 1509 1058 antea
1529 1025 1774 1068 philosophiam
1796 1036 1855 1068 per
1877 1031 1940 1057 tres

1205 1083 1237 1111 et
1266 1089 1365 1121 super
1397 1078 1548 1111 omnibus
1580 1078 1671 1110 libris
1703 1078 1941 1111 Sententiarum

1205 1142 1329 1164 sacram
1365 1131 1565 1174 theologiam
1597 1141 1655 1173 per
1689 1130 1769 1164 alios
1805 1137 1943 1174 quatuor

1205 1194 1307 1216 annos
1326 1184 1534 1216 laudabiliter
1555 1184 1694 1226 legerint
1710 1188 1743 1216 et
1759 1184 1941 1225 docuerint,

1206 1248 1241 1270 ac
1266 1237 1388 1270 duabus
1413 1238 1526 1270 saltem
1552 1237 1691 1280 publicis
1724 1237 1943 1271 conclusioni-

1206 1291 1265 1322 bus
1291 1289 1527 1332 praesederint,
1543 1294 1575 1322 et
1598 1290 1737 1323 subinde
1762 1291 1801 1323 ab
1826 1291 1942 1323 eodem

1206 1342 1352 1375 ministro
1378 1343 1534 1385 generali,
1554 1348 1767 1385 procuratore
1785 1345 1941 1386 generali,

1206 1397 1266 1435 vel,
1280 1396 1343 1428 isto
1368 1396 1513 1434 absente,
1528 1395 1566 1427 ab
1583 1406 1648 1428 uno
1666 1406 1726 1439 per
1743 1407 1815 1429 eum
1842 1397 1943 1440 depu-

1208 1449 1314 1489 tando,
1340 1448 1395 1491 qui
1420 1447 1585 1491 praeditus
1606 1448 1647 1480 sit
1675 1448 1885 1491 qualitatibus
1911 1450 1943 1482 in

1207 1501 1323 1534 ceteris
1340 1500 1585 1533 examinationis
1608 1505 1643 1533 ut
1669 1501 1750 1534 infra
1768 1502 1943 1544 requisitis,

1206 1564 1334 1586 necnon
1360 1553 1461 1586 tribus
1486 1554 1558 1586 aliis
1584 1553 1731 1587 eiusdem
1756 1553 1885 1587 Ordinis
1911 1555 1943 1587 in

1207 1607 1321 1640 eadem
1361 1608 1451 1640 sacra
1494 1607 1661 1649 theologia
1699 1607 1945 1648 versafioribus,

1207 1660 1326 1703 quique
1351 1670 1409 1703 per
1434 1660 1643 1703 septennium
1667 1660 1874 1694 laudabiliter
1898 1662 1945 1694 le-

1206 1713 1320 1755 gerint,
1339 1713 1371 1745 in
1396 1713 1546 1756 capitulis
1572 1713 1778 1756 generalibus
1802 1715 1851 1747 vel
1876 1725 1946 1758 pro·

1207 1765 1399 1799 vincialihus
1423 1766 1598 1807 dumtaxat,
1616 1771 1647 1799 et
1671 1777 1738 1800 non
1763 1766 1849 1806 alibi,
1875 1777 1947 1799 exa-

1206 1818 1348 1860 minati¹,
1361 1824 1393 1852 et
1406 1818 1445 1852 ab
1460 1818 1560 1859 aliis2,
1575 1820 1626 1852 vel
1640 1821 1755 1853 saltem
1772 1830 1789 1853 a
1806 1826 1946 1863 quatuor

1207 1882 1344 1913 eorum,
1376 1883 1438 1916 per
1473 1877 1598 1905 secreta
1634 1877 1666 1905 et
1695 1872 1849 1906 reiterata
1874 1878 1946 1907 vota

1207 1932 1371 1969 tamquam
1385 1925 1495 1959 idonei
1521 1930 1553 1958 et
1577 1926 1689 1959 laurea
1714 1925 1803 1969 digni
1828 1937 1946 1970 appro-

1206 1978 1272 2011 bati
1308 1978 1439 2018 suerint,
1474 1978 1565 2018 itaut,
1592 1978 1617 2011 si
1650 1989 1744 2012 secus
1768 1979 1876 2022 aliqua
1912 1980 1945 2013 in

1205 2036 1298 2075 parte
1318 2031 1389 2064 fieri
1406 2031 1589 2074 contigerit,
1614 2031 1762 2064 minister
1784 2033 1945 2074 generalis

1206 2083 1396 2127 privationis
1420 2083 1509 2117 vocis
1534 2084 1654 2117 activae
1678 2089 1710 2117 et
1733 2084 1887 2127 passivae,
1909 2095 1946 2117 ac

1206 2137 1394 2177 officiorum,
1410 2137 1435 2170 si
1450 2147 1532 2180 quae
1543 2136 1743 2177 habuerim,
1762 2141 1794 2170 et
1807 2138 1945 2171 laureati

1207 2190 1365 2224 nullitatis
1389 2191 1525 2223 collatae
1550 2190 1681 2222 laureae
1717 2199 1842 2233 poenas
1878 2201 1946 2223 res-

1206 2244 1333 2287 pective
1351 2243 1421 2286 ipso
1442 2243 1525 2276 sacto
1550 2243 1728 2283 incurrant,
1754 2243 1944 2277 auctoritate

1206 2296 1393 2341 apostolica,
1406 2302 1519 2330 tenore
1539 2295 1773 2340 praesentium,
1792 2296 1945 2329 concedi-

1206 2361 1278 2383 mus
1295 2356 1327 2383 et
1346 2350 1563 2393 indulgemus,
1580 2350 1665 2383 salva
1684 2353 1793 2382 tamen
1815 2359 1945 2392 semper

1206 2405 1238 2438 in
1259 2403 1447 2448 praemissis
1464 2403 1655 2436 auctoritate
1673 2402 1944 2446 Congregationis

1206 2457 1446 2501 praedictorum
1462 2455 1686 2489 cardinalium.

1238 2538 1252 2565 1
1274 2537 1345 2565 Edit.
1366 2536 1446 2565 Main.
1462 2536 1528 2572 legit
1542 2536 1713 2565 emm-inari
1732 2536 1769 2572 (n.
1787 2536 1836 2572 Τ.).

1240 2582 1257 2609 2
1275 2581 1369 2609 Potius
1387 2582 1447 2616 lege
1462 2581 1525 2608 illis
1546 2581 1586 2615 (a.
1601 2581 1650 2616 T.).

1241 2626 1257 2655 3
1277 2626 1368 2654 Potius
1386 2625 1445 2662 lege
1464 2625 1600 2654 habuerit
1620 2625 1660 2661 (a.
1676 2624 1727 2661 12).

1948 235 1997 262 An.
2017 234 2044 261 C.
2066 234 2130 262 tim
