2227 3225
165 166 213 192 An.
235 165 262 192 (ἶ.
280 165 348 193 tom

359 225 449 248 curas
476 219 507 248 et
530 215 632 257 magis
657 213 845 257 probabiles
870 223 906 246 ac
932 214 1067 246 tutiores
1083 239 1091 254 ,

357 275 455 312 prout
479 269 607 309 debent,
626 269 689 301 hoe
714 267 902 301 sexennium
929 271 1094 310 compute-

360 327 410 353 tur
433 320 513 364 ipsis
539 331 598 364 pro
623 321 778 354 sexennio
804 319 967 353 scribendi
991 325 1022 352 et
1049 324 1094 362 ty-

358 374 408 418 pis
433 374 530 407 dandi
555 374 756 417 theologiam
788 373 1011 407 scholasticam
1036 383 1094 417 po-

357 430 483 463 sitivam
507 429 557 462 vel
581 430 758 469 moralem,
787 434 818 461 et
842 428 1005 471 gaudeant
1028 427 1094 460 illis

357 482 601 527 praerogativis,
618 493 699 526 quae
715 492 777 525 per
793 487 912 514 statuta
929 481 1094 524 generalia

357 537 588 570 Vallisoletana
612 546 741 570 unctxx
757 535 931 579 praedictis
958 535 1093 578 scripto-

357 590 447 623 ribus
461 590 697 623 conceduntur.
709 589 740 622 Si
757 594 862 621 tamen
878 589 907 621 id
924 598 981 631 per
993 599 1092 620 unum

357 645 464 677 solum
490 643 666 677 triennium
692 643 837 681 feceriut,
857 648 910 675 aut
927 653 986 685 per
1006 642 1091 675 idem

357 697 533 730 triennium
563 696 687 729 muneri
719 696 864 738 magistri
896 696 1091 729 novitiorum

356 757 410 784 aut
435 750 625 783 visitationis
650 750 747 783 Tertii
772 749 901 782 Ordinis
927 749 959 781 in
985 760 1049 782 uno
1075 759 1091 782 e

355 814 408 837 sex
427 804 639 837 conventibus
656 803 940 848 principalioribus
958 803 1092 835 novitia-

356 863 445 890 tuum
470 857 656 901 provinciae
681 856 874 896 vacavcrint,
892 867 1091 900 praememo—

355 916 443 944 ratos
466 911 712 955 praedicatores
737 910 889 944 iubilatos
913 920 966 942 sex
993 921 1092 943 anno-

353 975 423 997 rum
443 964 664 1007 praefatorum
683 974 852 996 numerum
877 964 1088 1007 praecedent.

353 1016 500 1050 Ceterum
519 1027 577 1050 nec
595 1017 646 1050 his
665 1027 725 1049 nee
750 1016 1028 1060 praedicatoribus
1046 1018 1091 1050 iu-

353 1070 460 1103 bilatis
479 1075 606 1114 tempus
633 1069 874 1113 computabitur
899 1070 936 1102 ad
964 1071 1091 1113 praedi-

353 1129 419 1156 ctas
443 1123 688 1167 praerogativas
714 1123 919 1163 obtinendas,
944 1123 968 1155 si
994 1124 1089 1157 simul
1111 1157 1112 1162 ,

353 1175 474 1209 suerint
510 1175 680 1218 guardiani
720 1176 910 1209 eorumdem
944 1186 1086 1210 conven-

354 1234 455 1262 tuum.
482 1229 516 1262 In
542 1229 693 1273 praefatis
723 1235 828 1262 autem
858 1231 1089 1273 praerogativis

351 1283 478 1316 nullum
511 1283 609 1315 debet
645 1281 783 1324 intelligi
820 1292 1012 1315 concessum
1038 1284 1088 1317 ius

950 164 1157 188 TXNOCENTH'S
1182 166 1225 189 xit
1249 167 1296 190 Μ’.

351 1335 563 1377 subrogandi.

393 1398 470 1422 xvu.
497 1388 536 1421 Ut
562 1399 636 1421 vero
661 1390 837 1422 necessarii
864 1395 894 1422 et
919 1390 1088 1423 inexcusa-

182 1397 210 1417 Ut
231 1399 288 1418 serta
310 1398 339 1418 le-

155 1430 179 1447 ge
193 1425 338 1449 vnmpteantur

154 1478 222 1498 rituti.

347 1501 533 1538 opportuno
558 1500 705 1537 tempore
730 1494 821 1535 fiant,
849 1506 926 1528 neve
952 1497 1084 1531 iuvenes

347 1547 401 1580 diu
426 1553 502 1591 post
525 1547 763 1591 professionem
797 1548 946 1582 emissam
979 1552 1084 1584 studia

347 1601 547 1641 desiderent,
569 1606 601 1635 et
625 1602 766 1645 denique
802 1607 836 1634 ut
861 1613 975 1637 omues
1004 1605 1084 1638 inte-

346 1665 439 1698 grum
457 1660 521 1687 tam
538 1655 769 1699 philosophiae
789 1667 882 1699 quam
898 1657 1082 1702 theologiae

345 1708 521 1742 triennium
569 1709 767 1752 adimpleant
787 1737 794 1749 ‚
844 1713 1083 1746 concordarunt

346 1762 434 1805 quod
459 1761 595 1804 singulis
628 1762 884 1806 quibuscumque
910 1765 1003 1798 anuis
1028 1767 1082 1799 de-

344 1815 444 1848 beant
468 1814 616 1858 incipere
651 1815 777 1858 aliquot
809 1817 913 1850 studia
937 1819 1082 1861 philoso-

344 1868 454 1912 phiae,
474 1867 507 1900 in
525 1868 643 1911 quibus
658 1869 806 1902 locentur
824 1869 955 1903 iuvenes
974 1882 1082 1905 reeen-

346 1926 395 1954 ter
410 1920 568 1964 professi3
585 1926 617 1953 et
634 1921 672 1954 ad
699 1921 786 1955 hune
812 1921 906 1955 tinem
932 1924 1079 1957 institua-
1101 1950 1103 1961 ,

344 1978 395 2006 tur
419 1983 594 2014 concursus
619 1984 681 2017 pro
717 1975 894 2008 lectoribus
920 1977 1080 2020 eligendis
1101 1965 1103 2029 ξ

343 2038 383 2061 00
410 2033 554 2071 tempore
572 2033 607 2059 ut
627 2028 752 2071 possint
769 2029 925 2072 praedicti
939 2032 1079 2066 lectores
1100 2040 1102 2047 ¹

343 2080 487 2124 incipere
502 2081 553 2114 die
568 2082 718 2124 sequenti
732 2081 1078 2119 Commemorationem
1099 2077 1102 2121 s

341 2134 589 2175 namnetorum,
612 2134 712 2179 quae¹
738 2136 846 2169 omnia
874 2139 980 2171 studia
1004 2151 1100 2183 pro-2

341 2187 465 2221 vinciae
487 2188 609 2221 debent
627 2189 761 2232 aperiri,
787 2195 818 2223 et
843 2191 947 2225 claudi
972 2193 1077 2236 pridie

340 2241 380 2274 ad
398 2251 566 2285 vesperam
580 2242 744 2286 seraphici
763 2243 906 2277 doctoris
921 2246 1005 2278 beati
1021 2247 1078 2280 Bo-

340 2300 552 2335 naventurae‚
566 2296 722 2339 abrogata
738 2298 970 2332 consuetudine
996 2311 1076 2343 quae

340 2348 508 2391 hucusque
533 2349 668 2382 invaluit
685 2354 796 2384 contra
812 2362 936 2385 morem
958 2358 989 2386 et
1005 2365 1077 2397 pra-

339 2401 402 2434 xim
427 2401 572 2435 omnium
597 2403 802 2445 religionum,
822 2405 972 2439 videlicet
991 2408 1075 2450 quod

338 2455 444 2488 studia
468 2455 623 2499 incipiant
647 2462 679 2489 et
702 2457 917 2492 terminentur
941 2470 998 2502 per
1023 2472 1076 2494 ea-

337 2508 439 2552 pitula
456 2509 664 2552 provincialia
689 2516 721 2543 et
737 2512 941 2554 intermedia,
960 2524 996 2546 ex
1014 2525 1075 2558 qua

374 2571 385 2597 t
409 2569 500 2597 Potius
519 2570 577 2606 lege
597 2579 656 2606 qua
676 2572 715 2605 (n.
731 2573 781 2606 1.).

406 2624 487 2652 Bull.
502 2626 583 2653 Rom.
599 2641 631 2646 —
652 2627 711 2656 Vol.
728 2628 788 2655 XX.

931 2630 963 2656 81

1767 163 1824 195 (Ml

1135 215 1318 256 pullulabat
1341 216 1421 249 illud
1448 216 1687 259 iucom'euieus,
1705 221 1791 262 quod
1818 222 1871 253 ali-

1137 268 1276 310 quando,
1295 269 1335 301 ob
1353 269 1541 303 dilationem
1563 273 1788 315 capitulorum,
1806 280 1870 306 stu-

1137 320 1249 354 dentes
1286 332 1346 365 por
1381 324 1589 366 septennium
1622 326 1868 369 detinebantur,

1136 383 1201 406 non
1227 374 1302 407 dato
1327 375 1398 408 loco
1423 378 1658 420 spectantibus,
1683 380 1867 423 aliquando,

1135 427 1175 459 ob
1189 428 1453 471 anticipationem
1472 431 1674 472 eorumdem,
1692 434 1793 466 solum
1812 445 1870 477 per

1136 480 1392 524 quinquennium
1423 483 1654 527 philosophiae
1685 491 1716 518 et
1745 487 1871 520 theolo-

1135 533 1206 575 giae
1239 544 1372 578 operam
1410 536 1538 576 dabant,
1564 543 1676 571 contra
1707 540 1868 582 praescri-

1134 591 1225 629 ptum
1252 593 1443 621 statutorum
1473 591 1672 632 generalium
1698 597 1729 624 et
1752 593 1870 626 bonam

1135 639 1333 673 studentium
1361 642 1610 684 educationem;
1636 644 1797 688 siquidem
1828 647 1872 679 le-

1135 699 1248 734 ctores,
1275 694 1325 727 his
1350 696 1517 739 suppressi
1551 698 1788 739 accidentibus,
1815 710 1871 733 ne-

1135 753 1259 789 queunt
1277 758 1349 780 suas
1370 748 1526 781 lectiones
1548 756 1575 782 et
1597 755 1758 790 tractatus,
1773 758 1871 795 prout

1135 800 1285 843 expedit,
1319 803 1481 844 regulare.
1508 802 1589 835 Illud
1615 815 1692 837 vero
1718 805 1871 839 infallibi-

1134 853 1207 886 liter
1231 854 1436 896 observetur,
1456 857 1514 888 sub
1540 859 1644 899 poena
1669 858 1869 892 iubilationis

1133 916 1196 939 uon
1224 907 1432 948 obtinendae,
1458 910 1544 952 quod
1569 911 1689 944 lectura
1715 913 1801 946 nulla
1825 913 1872 946 in-

1134 961 1333 1004 terruptione
1356 962 1520 995 Adventus
1547 968 1578 995 et
1602 964 1870 1008 Quadragesimae

1134 1013 1401 1054 diseontinuetur,
1423 1016 1480 1048 sed
1500 1017 1637 1050 lectores
1664 1018 1700 1051 iis
1722 1021 1871 1062 tempori-

1133 1068 1201 1106 bus,
1228 1073 1313 1100 eerte
1340 1070 1631 1112 opportuniorilms
1657 1081 1715 1114 pro
1740 1074 1868 1114 studiis,

1133 1120 1331 1153 incessanter
1349 1122 1483 1161 dieteut,
1509 1133 1567 1156 nee
1595 1125 1721 1167 possint
1740 1132 1794 1158 aut
1815 1127 1870 1160 de-

1133 1173 1230 1205 beant
1253 1175 1456 1217 praedicare,
1476 1175 1538 1208 nisi
1566 1177 1649 1210 sorte
1676 1177 1707 1210 in
1733 1179 1804 1212 loco
1825 1180 1870 1212 ita

1132 1228 1304 1260 conventui
1322 1228 1440 1267 vicino,
1464 1233 1499 1260 ut
1515 1229 1650 1263 sabbato
1674 1236 1748 1274 post
1774 1243 1870 1275 prau-

1132 1279 1217 1312 dium
1243 1280 1370 1323 possint
1393 1281 1491 1320 exire,
1512 1288 1543 1314 et
1560 1284 1688 1325 regredi
1706 1285 1869 1319 dominica

1878 172 1924 198 1111.
1947 172 1974 199 C.
1994 172 2060 200 1694

1109 1356 1111 1378 5
1131 1333 1169 1365 ad
1185 1334 1435 1367 continuandam
1450 1336 1638 1378 lectionem;
1659 1338 1684 1370 si
1704 1339 1776 1382 quis
1790 1351 1867 1373 vero

1108 1387 1326 1428 'guardianus
1359 1388 1417 1420 sub
1450 1389 1564 1432 quovis
1595 1396 1763 1433 praetextu
1790 1393 1868 1427 huic

154 1450 270 1471 ‚manorum
292 1458 336 1472 cur·
349 1441 433 1474 biles
459 1441 612 1474 transitus
649 1442 845 1474 studentium
872 1447 902 1474 et
927 1443 1086 1477 lectorum
1130 1440 1266 1473 articulo
1290 1441 1444 1483 refragari
1473 1444 1662 1484 tentaverit,
1687 1446 1867 1488 privatione

1129 1493 1179 1525 sui
1201 1494 1345 1527 muneris
1371 1494 1438 1528 siue
1465 1497 1671 1531 cunctatione
1697 1499 1864 1542 puniatur.

1172 1556 1264 1580 xviii.
1284 1547 1371 1580 Circa
1385 1548 1579 1582 electionem
1594 1551 1752 1584 lectorum
1772 1553 1867 1586 theo-
1906 1562 1931 1583 01
1955 1566 2061 1590 quaeadm

1897 1592 2044 1612 custodiantur

1127 1601 1232 1643 logiae
1248 1603 1497 1643 concordarunt,
1512 1604 1598 1646 quod
1614 1604 1683 1637 sine
1697 1615 1779 1639 novo
1795 1617 1867 1640 con·
1878 1621 1934 1636 cm
1972 1618 2061 1637 etet-11⁴»-

1877 1649 1922 1662 netu
1958 1643 2059 1665 lectorum

1127 1664 1224 1686 eursu
1261 1665 1318 1698 per
1351 1655 1570 1689 definitorium
1606 1665 1809 1692 assumantur
1845 1661 2059 1695 ii¹he0¹ur=ae.-t·›-

1877 1699 1965 1716 utrinam
2008 1698 2060 1717 edo-

1127 1708 1181 1750 qui
1207 1719 1335 1740 cursum
1364 1709 1630 1753 philosophicum
1657 1712 2060 1767 absolveruntenm·271rra-

1126 1761 1284 1802 ordinate,
1301 1768 1343 1802 ut,
1366 1763 1419 1806 qui
1441 1764 1530 1807 prius
1548 1765 1794 1808 philosophiam
1813 1755 1921 1801 cto-[133.
1942 1756 2059 1776 suaque„-

1126 1821 1271 1856 euerunt,
1291 1816 1381 1858 prius
1400 1818 1438 1849 ad
1459 1818 1655 1861 theologiam
1672 1821 1862 1854 tradendam

1125 1875 1304 1910 vocentur,
1326 1869 1386 1902 nisi
1412 1870 1530 1914 aliquis
1555 1872 1599 1904 ita
1625 1872 1800 1914 emineatst,
1828 1880 1863 1907 ut

1124 1921 1225 1964 ipsius
1252 1922 1425 1956 definitorii
1452 1924 1586 1965 iudicio,
1613 1926 1782 1968 religionis
1808 1928 1862 1960 de-

1123 1974 1188 2007 cori
1214 1975 1319 2018 ipsum
1344 1976 1414 2009 aliis
1447 1978 1627 2020 praeferri²
1652 1990 1860 2023 summopere

1123 2028 1284 2071 expediat.
1312 2028 1391 2067 Quia
1415 2040 1501 2070 vero,
1519 2036 1552 2063 ut
1574 2031 1633 2075 ipsi
1659 2038 1769 2075 patres
1786 2044 1858 2067 eou—

1122 2081 1295 2114 cordantes
1330 2083 1453 2125 pluries
1490 2084 1682 2126 audierunt,
1715 2086 1859 2120 Romana

1121 2133 1217 2166 Curia
1242 2135 1333 2168 anxie
1360 2136 1533 2176 desiderat,
1555 2142 1588 2170 ut
1606 2139 1747 2172 doctoris
1764 2140 1859 2179 ,Sera-

1120 2186 1207 2229 phici
1227 2188 1385 2229 doctrina,
1406 2201 1487 2233 quae
1506 2191 1545 2223 ab
1564 2191 1714 2225 omnibus
1736 2193 1857 2237 ubique

1120 2242 1365 2274 commendatur·
1396 2248 1430 2275 ut
1454 2243 1519 2286 pia,
1546 2245 1650 2277 solida
1675 2250 1706 2278 et
1731 2246 1855 2289 devota,

1119 2295 1223 2337 vigeat
1255 2296 1287 2328 in
1322 2296 1482 2339 religione
1518 2300 1651 2338 nostra,
1679 2300 1855 2342 expediens

1119 2347 1305 2386 iudicarunt
1320 2354 1355 2382 ut
1371 2350 1513 2384 lectores
1533 2352 1659 2384 tradant
1676 2352 1855 2386 doctrinam

1118 2402 1220 2445 ipsius
1245 2403 1412 2447 Seraphici
1433 2405 1576 2438 doctoris
1594 2406 1689 2440 simul
1710 2417 1782 2440 cum
1798 2407 1854 2440 do-

1119 2456 1221 2489 ctrina
1234 2456 1376 2500 sabulis,
1391 2459 1560 2502 utriusque
1576 2459 1756 2502 opiniones,
1772 2470 1853 2504 quae

1154 2532 1165 2556 1
1188 2529 1259 2558 Edit.
1280 2529 1360 2557 Main.
1381 2531 1448 2566 legit
1467 2530 1614 2558 immineat
1632 2532 1674 2563 (u.
1697 2531 1746 2563 1.).

1140 2575 1156 2602 ⁶2
1176 2574 1247 2602 Edit.
1271 2575 1353 2603 Maiu.
1377 2575 1448 2611 legit
1463 2577 1621 2611 praeferre
1640 2578 1678 2610 (ti.
1695 2576 1745 2610 T.)-
