2227 3225
126 256 173 284 Αη.
196 257 222 283 C.
244 258 310 286 it'02

150 475 270 496 Exordium.

902 235 1108 279 ixxoci-:xrtt's
1132 255 1177 279 xn
1200 256 1248 279 11.
1733 250 1791 282 [111

1089 303 1203 337 -minus
1228 304 1289 337 hae
1312 303 1345 338 in
1370 310 1472 348 parte,
1509 316 1605 348 quam
1638 306 1670 338 in
1695 307 1830 350 reliquis

488 304 684 334 Innocentius
710 304 885 340 Episcopus,

501 357 608 378 servus
628 357 782 377 servorum
801 350 864 381 Dei,

433 394 471 422 nd
495 397 671 429 pometum
690 395 735 422 rei
755 393 936 422 memoriam.

360 460 541 494 Romanum
559 461 652 494 decet
675 460 875 502 Pontificem,
894 466 1055 504 tamquam

317 513 447 547 fidelem
463 524 588 547 servum
607 519 638 547 et
653 514 848 557 prudentem
870 525 965 557 quem
983 525 1055 548 con-

319 566 422 600 stituit
449 566 604 600 Dominus
636 577 734 610 super
766 567 919 600 familiam
949 578 1052 607 suam,

317 619 348 652 in
366 619 531 653 Ecclesiae
549 620 729 653 catholicae
751 625 926 664 conspectu
948 626 1054 654 actum

316 682 410 705 suum
435 673 479 705 ita
503 673 668 713 ordinare,
703 678 740 706 111
763 672 832 716 ipse
864 673 995 717 quidem
1021 674 1052 706 in

316 725 429 759 diebus
454 725 519 759 suis
544 727 672 769 placeat
694 726 831 759 Domino
858 732 890 759 et
914 727 1054 760 invenia-

317 785 368 811 tur
392 779 503 820 iustus,
531 779 648 823 fiatque
673 780 776 813 forma
800 781 908 823 gregis
935 791 971 814 ex
990 781 1053 814 ani·

316 843 377 874 mo,
404 838 435 866 et
458 834 564 866 bonus
589 833 630 866 sit
654 832 773 866 Christi
799 834 882 867 odor
905 834 937 866 in
964 835 1052 867 omni

314 886 406 926 loco;
434 885 535 919 ceteri
560 896 635 919 vero
660 886 822 919 antistites
847 892 878 919 et
902 887 1052 920 eeclesia-

316 948 387 970 rum
411 939 571 982 praelati,
596 939 627 972 111
653 944 779 983 partem
804 939 1049 982 sollicitudinis,

314 992 406 1025 cuius
425 993 452 1025 ei
475 993 650 1026 commissa
675 998 721 1026 est
739 993 918 1036 plenitudo,
937 994 1050 1034 vocati,

315 1045 434 1089 aliique
465 1045 706 1087 christifideles,
740 1057 822 1089 quos
855 1057 950 1080 curae
975 1058 1051 1081 suae

315 1099 468 1133 divinitus
503 1100 644 1133 creditos
674 1100 707 1133 in
732 1100 910 1133 visceribus
945 1107 1052 1144 pater-

313 1163 373 1185 nae
391 1153 476 1195 gerit
500 1153 676 1194 charitatis,
699 1154 769 1186 eius
788 1155 937 1197 exemplo
954 1160 1049 1198 atque

312 1206 514 1249 praeceptis,
539 1207 659 1240 caduca
687 1207 797 1239 mundi
823 1207 916 1240 buius
947 1208 1052 1251 despi-

313 1269 399 1298 cere,
437 1259 609 1302 carnisque
646 1265 678 1292 et
713 1259 881 1301 sauguinis
917 1260 1050 1303 laqueos

312 1311 464 1354 effugere,
490 1323 528 1345 ac
560 1313 598 1345 de
627 1313 725 1346 bonis
758 1318 789 1345 et
822 1313 919 1345 rebus
946 1314 1050 1346 eccle-

311 1364 450 1398 siasticis
475 1365 561 1398 iuxta
584 1365 756 1408 aequitatis
783 1371 814 1398 et
838 1365 977 1398 iustitiae
1003 1367 1049 1399 le-

311 1427 366 1459 ges
393 1417 586 1461 disponere,
612 1424 644 1451 et
668 1418 885 1461 spiritualium
910 1418 1047 1461 remigio

310 1471 432 1503 alarum
457 1471 496 1504 ad
532 1471 685 1505 caelestia
717 1471 915 1504 contendere
951 1477 1048 1515 atque

310 1524 449 1565 evolare,
476 1524 653 1557 auxiliante
676 1524 823 1564 Domino,
842 1524 1044 1557 condiscant.

309 1577 391 1610 llinc
416 1578 454 1610 ad
473 1589 510 1611 ea
528 1588 693 1610 sacrorum
711 1588 870 1610 canonum
891 1577 1045 1620 instituta,

309 1641 392 1673 quae
418 1631 590 1674 episcopis,
624 1642 663 1664 ne
689 1631 783 1664 bonis
809 1636 839 1664 et
866 1631 1046 1666 redditibus

307 1684 475 1717 Ecclesiae
512 1684 774 1727 consanguineos
810 1695 887 1717 suos
923 1695 1044 1728 augere

308 1738 478 1777 studeant,
512 1737 730 1775 interdicunt,
771 1737 1044 1771 considerationis

307 1796 437 1824 nostrae
463 1791 565 1823 aciem
591 1795 825 1830 convertentes,
853 1801 923 1823 eam
951 1792 1044 1826 nobis

307 1844 339 1875 in
376 1845 529 1886 suprema
566 1843 651 1876 beati
693 1843 780 1876 Petri
820 1845 1043 1886 apostolorum

306 1896 475 1939 principis,
502 1896 553 1929 cui
579 1907 656 1929 caro
682 1901 713 1928 et
739 1897 870 1939 sanguis
901 1907 968 1930 non
993 1908 1044 1931 re-

305 1950 434 1989 velavit,
460 1949 541 1982 Sede
567 1949 774 1990 constitutus,
801 1950 840 1982 ab
865 1949 938 1993 ipso
962 1962 1043 1994 pon-

306 2001 445 2035 tificatus
488 2001 591 2034 nostri
632 2001 813 2045 primordio
853 2004 1042 2037 servandam

304 2055 544 2098 proposuimus,
564 2061 594 2088 et
612 2055 784 2095 hactenus,
803 2055 867 2088 Deo
892 2056 1042 2090 3111111011-

305 2113 345 2148 te,
365 2119 495 2142 servare
513 2109 696 2142 studuimus
715 2109 927 2152 disciplinam,
946 2117 989 2151 ut,
1008 2111 1040 2144 in

302 2162 462 2196 bonorum
489 2169 520 2196 01
553 2163 740 2196 reddituum
774 2163 812 2196 ad
849 2163 933 2196 banc
963 2164 1041 2197 San-

303 2222 387 2249 ctam
408 2216 524 2249 Sedem
550 2222 582 2249 et
606 2216 770 2250 Cameram
788 2222 931 2249 nostram
956 2218 1041 2260 Apo-

303 2269 450 2302 stoliearn
475 2270 692 2312 spectantium
719 2270 967 2310 distributione,
994 2271 1040 2303 iu-

303 2321 410 2354 stitiae
446 2327 543 2364 atque
569 2322 765 2365 prudentiae
787 2323 876 2364 leges
893 2328 925 2355 et
945 2334 1038 2365 regu-

302 2376 349 2408 las
373 2380 520 2407 accurate
545 2375 776 2414 custodientes,
802 2386 959 2408 summam
975 2387 1038 2409 me-

301 2429 445 2466 ritorum,
471 2429 593 2460 nullam
615 2433 720 2460 autem
739 2428 845 2460 carnis
864 2433 894 2460 et
911 2429 1036 2471 sangui-

301 2481 352 2513 nis
383 2486 436 2512 aut
470 2480 700 2524 cuiuscumque
735 2480 869 2513 humani
903 2480 1034 2513 all'cctus

300 2532 458 2567 rationem
486 2533 695 2566 haberemus.
729 2533 766 2566 Et
802 2534 877 2566 licet
914 2534 946 2566 in
978 2534 1034 2567 Dei

300 2586 525 2620 misericordia
548 2598 726 2630 speremus,
753 2588 831 2621 tales
855 2588 949 2620 uobis
971 2598 1035 2621 suc-

300 2650 449 2673 cessuros
484 2639 644 2673 Romanos
678 2640 858 2681 Pontifices,
886 2641 938 2684 qui
968 2652 1033 2675 non

371 2703 451 2729 Butt.
475 2702 556 2729 Rom.
575 2718 606 2722 -
625 2703 684 2730 Vut.
708 2703 765 2730 XX.
894 2703 944 2733 ,56

1843 260 1889 285 An.
1912 259 1938 286 C.
1959 259 2023 286 1692

1098 368 1215 392 numus
1232 369 1324 392 suum
1340 358 1507 402 impleant,
1526 364 1558 391 et
1573 359 1749 393 Ecclesiam
1766 361 1833 393 uni-

1096 421 1220 445 versam
1255 411 1471 455 spiritualium
1511 417 1691 446 aromatum
1731 414 1832 447 odore

1096 465 1312 507 perfundant3
1338 465 1554 499 nihilominus
1573 476 1621 505 ea,
1641 477 1723 509 quae
1741 467 1832 500 nobis

1095 517 1192 550 licere
1217 528 1284 551 non
1316 518 1466 561 patimur,
1496 518 1567 551 aliis
1591 518 1744 559 indicare,
1782 530 1832 553 sa-

1094 570 1287 614 lubremque
1313 571 1345 604 in
1370 571 1401 604 S.
1429 571 1467 604 R.
1494 571 1529 604 E.
1556 572 1700 605 omnium
1731 574 1833 606 eccle-

1094 622 1212 655 siarum
1228 628 1330 656 matre
1346 629 1377 657 et
1390 624 1545 667 magistra
1556 624 1639 657 circa
1652 626 1832 668 praemissa

1094 686 1241 709 normam
1281 682 1312 709 ct
1346 678 1453 719 legem
1494 677 1694 711 constituere
1731 684 1830 722 atque

1094 729 1238 763 stabilire
1260 730 1475 763 decrevimus.

1136 783 1151 826 ἓ
1176 782 1207 815 l.
1234 781 1348 815 Habita
1373 783 1473 826 igitur
1498 793 1596 827 super
1620 784 1672 817 his
1693 794 1764 817 eum
1782 795 1846 822 ve-¹
1868 793 2024 833 Nunniumun

1842 823 1936 840 nrutuw
1962 820 1975 840 11
1992 824 2026 840 ..ιι

1094 835 1294 869 nerabilibus
1331 836 1482 869 fratribus
1519 837 1638 870 nostris
1683 829 2025 877 eiusdem=¹11=c=1··¹·si11·=·-

1093 887 1216 920 S.R.E.
1248 888 1468 921 cardinalibus
1494 889 1732 923 deliberatione
1765 875 2023 924 11111-1Γοίἰῗ.ΡΠΜᾹΙ

1095 942 1176 981 tura,
1203 951 1238 973 ac
1264 941 1302 974 de
1328 942 1458 974 illorum
1485 942 1625 976 consilio
1650 943 1776 986 pariter
1800 950 1831 977 et

1092 1004 1234 1033 assensu,
1259 995 1298 1027 ad
1325 995 1560 1038 omnipotentis
1586 995 1642 1029 Dci
1669 996 1830 1039 gloriam,

1092 1047 1297 1089 Apostolicae
1313 1047 1414 1081 ,Sedis
1440 1048 1616 1088 11011010111,
1643 1059 1680 1081 ae
1704 1049 1831 1094 antisti-

1094 1105 1167 1139 tum,
1193 1101 1422 1142 praelatorum,
1448 1101 1653 1144 aliorumque
1679 1103 1831 1135 ecclcsia-

1092 1151 1247 1185 sticorum
1277 1153 1539 1186 aedificationem
1571 1160 1602 1186 et
1632 1154 1754 1187 bonum
1777 1165 1829 1188 ex-

1093 1206 1257 1248 emplum,
1283 1207 1344 1238 hae
1370 1209 1479 1240 nostra
1506 1212 1667 1250 perpetuo
1692 1209 1829 1242 valitura

1091 1257 1323 1291 constitutione
1348 1258 1516 1291 statuimus
1555 1265 1652 1302 atque
1679 1260 1829 1294 110001111-

1090 1321 1171 1350 mus,
1197 1313 1371 1344 salutarem
1397 1312 1479 1344 hane
1499 1313 1537 1345 de
1563 1318 1672 1346 cetero
1694 1313 1724 1346 111
1744 1314 1829 1346 dicta

1089 1364 1119 1396 S.
1138 1364 1174 1396 R.
1190 1364 1359 1397 Eservari
1384 1365 1543 1398 rationem
1566 1372 1663 1410 atque
1687 1367 1830 1410 discipli-

1089 1427 1162 1449 nam
1181 1423 1215 1450 ut
1232 1428 1290 1451 nec
1312 1429 1330 1450 a
1353 1418 1458 1458 nobis,
1485 1429 1545 1451 nec
1563 1419 1601 1451 ab
1619 1420 1686 1452 ullo
1710 1420 1828 1453 Roma-

1089 1481 1204 1504 norum
1231 1470 1423 1504 Pontificum
1452 1482 1676 1506 successorum
1701 1480 1828 1507 nostro-

1088 1535 1171 1562 rum,
1192 1524 1231 1557 ad
1250 1524 1393 1557 savorem
1412 1529 1596 1558 nostrorum
1612 1525 1676 1558 sire
1694 1537 1827 1559 suorum

1088 1578 1268 1621 respective
1298 1578 1445 1619 Fratrum,
1474 1584 1642 1621 nepotum,
1676 1579 1826 1612 aliorum-

1087 1642 1148 1674 que
1174 1642 1455 1674 quorumcumque
1488 1633 1823 1675 consanguineorum,

1086 1695 1141 1716 seu
1159 1684 1312 1723 affinium,
1329 1685 1395 1717 sive
1417 1685 1549 1717 illorum
1567 1696 1647 1728 quos
1666 1685 1698 1718 in
1716 1687 1822 1719 10011111

1086 1741 1241 1779 nepotum
1268 1737 1471 1780 aliorumque
1501 1738 1823 1780 consanguineorum

1085 1800 1143 1832 per
1167 1790 1410 1832 cooptationem
1446 1790 1478 1822 in
1504 1790 1657 1823 familiam
1689 1797 1744 1823 aut
1768 1792 1824 1824 ali-

1085 1848 1137 1875 ter
1158 1843 1263 1885 adlegi
1297 1853 1352 1875 scu
1386 1843 1523 1876 adscisci
1562 1844 1756 1886 contigerit,
1783 1846 1822 1877 de

1084 1896 1188 1935 bonis,
1212 1896 1370 1939 pecuniis,
1396 1896 1475 1929 locis
1507 1897 1664 1929 montium
1696 1897 1823 1930 vacabi-

1084 1949 1160 1981 lium
1186 1954 1217 1981 et
1241 1959 1307 1981 non
1332 1949 1536 1990 vacabiliuni,
1563 1949 1676 1982 officiis
1702 1951 1823 1983 venali-

1083 2001 1153 2042 bus,
1179 2002 1377 2045 illorumque
1403 2002 1519 2045 pretio,
1547 2002 1687 2043 creditis,
1714 2004 1822 2036 reddi-

1083 2055 1182 2095 tibus,
1210 2054 1306 2087 rebus
1345 2060 1376 2087 ct
1404 2054 1528 2087 iuribus
1565 2055 1820 2099 quibuscumque

1083 2108 1122 2140 ad
1147 2107 1261 2140 Scdem
1280 2113 1312 2140 et
1336 2107 1502 2141 Camcram
1523 2108 1684 2152 praefatas
1705 2110 1819 2152 quovis

1082 2161 1178 2194 modo
1211 2161 1434 2205 spectantibus
1466 2162 1516 2194 vcl
1548 2162 1817 2206 (ptanductnnque

1082 2214 1293 2257 spectaturis,
1319 2214 1415 2246 etiam
1442 2224 1478 2246 ex
1505 2215 1735 2247 emolumentis
1759 2216 1818 2248 Da-

1082 2268 1192 2307 tariae,
1219 2267 1437 2300 Cancellariae
1463 2268 1682 2310 Apostolicae‚
1706 2268 1817 2302 Secre-

1081 2321 1180 2354 tariae
1204 2321 1360 2360 brevium,
1382 2320 1561 2363 spoliorum
1580 2321 1816 2355 ecclesiastico-

1079 2385 1160 2415 rum,
1175 2380 1492 2417 etquarnmeumque
1510 2374 1622 2416 palatii
1640 2376 1813 2417 apostoliCi

1078 2427 1263 2471 portionum
1295 2437 1350 2459 scu
1392 2426 1658 2459 distributionum
1692 2438 1810 2470 prove-

1078 2480 1240 2513 nientibus
1261 2507 1267 2518 ,
1309 2479 1514 2512 liberalitatis
1555 2485 1587 2511 et
1625 2480 1811 2514 donationis

1076 2534 1180 2566 aliove
1220 2533 1330 2576 quovis
1375 2533 1515 2575 gratuito
1559 2543 1615 2565 scu
1653 2534 1809 2566 lucrativo

1078 2587 1177 2626 titulo,
1196 2586 1317 2619 directe
1342 2586 1390 2618 rcl
1414 2585 1580 2626 indirecte,
1596 2585 1692 2617 etiam
1710 2586 1808 2618 serri-

1077 2640 1194 2673 tiorum
1221 2645 1251 2672 01
1277 2638 1481 2679 meritorum,
1500 2648 1577 2681 quac
1604 2644 1708 2670 tamen
1733 2639 1807 2671 talia
