2254 3225
225 248 273 275 An.
295 248 322 274 C.
349 247 414 276 1698

463 240 527 274 840
1004 248 1181 278 nntrixniun
1209 255 1362 279 nomn-uu

421 298 529 332 ticulis
556 305 792 333 convenerunt.
820 301 942 343 Primo,
969 303 1056 346 quod
1081 302 1165 336 intra

420 352 539 387 limites
565 353 665 397 partis
690 353 909 388 Narbonensis
934 356 1165 389 contineantur

421 410 453 439 ct
484 405 694 440 includantur
729 412 907 441 conventus
943 408 1165 451 Monspesula-

420 470 492 500 nus,
530 459 722 500 Biterensis,
755 460 988 500 Narbonensis,
1025 461 1164 494 Monsta-

420 512 595 552 niacensis,
621 512 862 553 Nemausensis,
887 513 1160 556 Perpiniacensis,

366 563 370 567 ’
420 566 593 605 Vobensis,
634 565 665 598 S.
705 565 862 605 Ginnesii‚
900 566 1163 609 Morologiensis,

419 619 451 652 S.
481 619 618 652 Romani
644 630 661 651 a
685 619 804 659 Terno,
840 630 913 652 cum
941 619 1043 652 titulis
1076 620 1164 662 prio-

420 682 492 705 rum
519 671 794 705 Podisserateusis
819 675 849 705 et
880 672 1094 712 Tononensis;
1132 678 1163 705 et

420 726 506 770 quod
539 726 623 758 intra
659 725 778 758 limites
814 725 916 769 partis
954 726 1161 769 Burgundiae

419 779 651 812 contineantur
675 784 707 812 et
739 779 948 812 includantur
981 785 1162 812 conventus

419 833 652 875 Lugdunensis,
687 833 930 873 Cremiacensis,
961 833 1159 875 Secilicnsis,

418 887 450 920 S.
469 887 553 920 Petri
569 887 816 927 Albiniacensis,
830 887 1058 930 Turrigiensis,
1076 887 1106 920 S.
1125 888 1162 920 Α-

419 941 531 981 moris,
548 940 790 981 Molveltiensis‚
803 940 1079 980 Morestelliensis,
1096 941 1161 974 Bol-

419 993 622 1037 lipariensis‚
655 994 886 1035 Gannatensis,
920 994 1158 1034 Eneziacensis,

418 1047 712 1088 Monsrevellensis,
738 1047 983 1090 Pignerolensis
1016 1059 1089 1081 cum
1124 1048 1161 1081 ti-

419 1101 486 1134 tulo
512 1101 630 1144 prioris
655 1107 832 1134 conventus
858 1101 1067 1135 Genevensis.
1095 1102 1161 1135 Iloc

418 1154 461 1187 ita
487 1155 654 1198 disposito,
680 1155 718 1188 ad
745 1155 973 1188 stabiliendam
999 1166 1111 1199 pacem
1131 1162 1162 1189 et

418 1209 627 1242 concordiam
653 1209 685 1242 in
712 1209 896 1252 supradicta
926 1210 1058 1243 illorum
1084 1221 1161 1254 pro-

417 1261 522 1295 vincia
539 1289 546 1303 ,
574 1267 606 1295 et
632 1261 727 1295 tinem
754 1263 884 1295 tandem
922 1263 1159 1306 imponendum

417 1315 529 1358 iurgiis
555 1327 572 1348 a
598 1322 733 1359 quatuor
759 1316 887 1349 circiter
912 1317 1004 1349 annis
1029 1317 1073 1350 ibi
1103 1318 1158 1350 du-

417 1369 578 1410 rantibus,
597 1370 725 1414 utrique
744 1370 883 1414 partium
903 1371 943 1404 de
969 1372 1160 1404 alternativa

418 1422 450 1455 in
476 1428 670 1466 perpetuum
697 1424 856 1456 servanda
875 1423 907 1456 in
934 1424 1081 1467 ipsorum
1100 1426 1159 1457 ele-

418 1476 580 1510 ctionibus
612 1482 836 1509 convenerunt
872 1488 910 1510 eo
947 1478 1069 1518 modo,
1097 1489 1159 1521 quo

417 1529 585 1573 sequitur:
612 1529 667 1569 1⁰,
697 1530 783 1573 quod
821 1530 1029 1573 provincialis
1061 1532 1159 1563 alter-

419 1582 468 1615 nis
498 1582 622 1615 vicibus
652 1582 792 1625 eligatur
819 1583 852 1615 in
880 1584 1023 1627 capitulo
1050 1584 1160 1617 unius-

418 1635 573 1679 cuiusque
599 1636 758 1669 dictarum
784 1637 932 1679 partium,
953 1643 984 1670 et
1001 1648 1075 1670 casu
1095 1650 1159 1682 quo

417 1689 557 1722 officium
583 1700 686 1729 suum,
704 1691 753 1723 vel
772 1696 875 1723 morte
894 1697 1089 1734 praeventus
1109 1694 1158 1726 vel

418 1742 528 1786 aliquo
553 1743 616 1776 alio
642 1743 888 1787 impedimento,
908 1745 1074 1778 absolvere
1094 1757 1158 1779 non

417 1796 531 1838 possit,
560 1797 852 1830 reverendissimus
878 1804 972 1841 pater
997 1799 1160 1841 generalis

418 1850 586 1893 deputabit
612 1856 773 1883 rectorem
807 1851 1044 1894 provincialem
1076 1852 1159 1885 eius-

419 1904 492 1936 dem
521 1904 623 1947 partis
658 1915 764 1948 usque
797 1906 836 1938 ad
866 1906 1006 1939 futurum
1039 1907 1161 1950 capitu-

418 1958 483 1990 lum
522 1958 743 2000 provinciale:
772 1958 824 1998 2⁰,
851 1960 938 2002 quod
977 1971 1051 2003 pars
1078 1961 1157 2001 illa,

419 2022 500 2054 quae
527 2012 759 2055 provinciulcu‘i
793 2024 855 2046 non
894 2013 1048 2054 habebit,
1077 2014 1160 2048 vica-

418 2065 498 2098 rium
513 2066 747 2109 provincialem
769 2067 902 2100 babebit
923 2079 998 2101 suae
1016 2069 1158 2101 nationis

417 2119 449 2152 in
476 2121 512 2152 ea
539 2126 805 2160 commorantem,
833 2122 886 2163 qui
906 2134 922 2155 a
943 2122 1084 2165 capitulo
1103 2123 1160 2155 eli-

418 2177 529 2214 getur:
555 2172 598 2214 3¹¹,
617 2174 703 2216 quod
722 2173 930 2217 provincialis
957 2175 988 2207 in
1010 2175 1159 2218 proximo

417 2226 559 2268 capitulo
590 2226 728 2269 eligetur
758 2233 904 2270 exparte
930 2229 1157 2271 Burgundiae:

416 2278 468 2319 4⁰,
499 2280 586 2323 quod
623 2280 760 2313 vicarius
783 2281 991 2323 provincialis
1017 2282 1160 2326 inquiret

418 2332 457 2365 de
491 2332 596 2375 culpis
630 2333 663 2365 in
696 2335 908 2367 conventibus
944 2335 1045 2378 partis
1082 2346 1158 2368 suae

417 2386 620 2426 commissis,
648 2386 765 2430 quibus
798 2387 1064 2430 provisionalitcr
1088 2400 1158 2432 pro-

417 2439 549 2480 videbit,
576 2445 608 2473 et
633 2445 706 2483 post
730 2441 828 2473 factas
855 2446 887 2474 et
911 2442 1098 2476 observatas
1116 2443 1158 2476 iu-

418 2493 463 2526 ris
494 2493 707 2527 formalitates
740 2495 789 2527 vel
831 2505 1027 2537 processus,
1055 2501 1159 2529 trans-

417 2546 523 2580 mittet
552 2547 590 2580 ad
618 2546 871 2590 provincialem,
903 2547 957 2590 qui
992 2551 1055 2581 una
1085 2560 1157 2582 cum

417 2600 564 2644 patribus
589 2601 638 2633 sui
664 2600 839 2634 delinitorii
866 2600 1020 2634 iudicabit
1045 2613 1155 2636 secun·

418 2654 494 2688 dum
519 2654 655 2688 sormam
674 2655 954 2696 constitutionum,
976 2655 1086 2689 habita
1108 2668 1159 2691 ra-

1211 302 1296 337 tione
1322 303 1504 345 criminum,
1518 304 1568 338 vel
1595 304 1779 348 expectabit
1797 304 1952 339 visitatio-

1209 367 1282 389 nem
1309 357 1538 400 provincialis3
1572 358 1674 391 dictus
1709 369 1785 391 vero
1810 357 1951 392 vicarius

1209 410 1418 453 provincialis
1443 411 1491 444 ius
1524 422 1592 445 non
1628 412 1764 445 habebit
1799 412 1950 446 visitandi

1208 473 1283 496 suae
1309 463 1449 497 nationis
1470 471 1663 505 conventus,
1682 465 1743 498 nisi
1763 476 1949 510 expressam

1208 515 1327 548 babeat
1362 516 1624 550 commissionem
1650 528 1666 550 a
1691 524 1782 561 patre
1818 519 1950 562 provin·

1208 568 1297 608 ciali;
1323 575 1359 601 ut
1383 575 1491 602 autem
1512 570 1616 603 dictus
1634 571 1690 603 ille
1709 571 1849 604 vicarius
1871 583 1948 615 pro-

1207 621 1353 655 vincialis
1377 623 1479 665 possit
1504 633 1576 656 esse
1602 624 1641 656 de
1668 634 1808 668 corpore
1834 625 1949 658 defini-

1208 674 1292 716 lorii,
1307 676 1429 718 absque
1449 686 1488 709 eo
1511 676 1598 719 quod
1620 683 1777 719 augeatur
1794 688 1949 711 numerus

1206 738 1321 761 novem
1348 734 1475 772 patrum
1507 729 1707 770 defiuitorii,
1735 731 1874 773 eligetur
1907 731 1947 764 ad

1208 781 1270 814 hoc
1294 781 1435 814 officium
1461 792 1544 814 unus
1570 783 1609 815 de
1641 782 1769 815 duobus
1801 782 1949 817 definito-

1207 835 1296 867 ribus
1322 835 1410 868 illius
1435 835 1547 878 partis,
1574 836 1613 868 ad
1640 847 1736 880 quem
1770 836 1949 880 pertinebit

1208 889 1327 921 babere
1346 888 1501 922 vicarium
1520 890 1756 932 provincialem
1773 900 1780 923 ι
1799 889 1843 930 5⁰,
1860 891 1947 934 quod

1206 942 1425 975 delinitorium
1475 942 1536 975 erit
1579 942 1816 986 semipartitum
1838 970 1846 984 ,
1884 944 1947 977 duo

1205 995 1329 1029 scilicet
1360 994 1550 1029 definitores
1584 1007 1658 1029 cum
1689 1007 1754 1029 uno
1779 997 1946 1030 visitatore

1206 1059 1242 1081 ex
1269 1054 1359 1092 parte
1385 1047 1630 1091 Burgundiae¹t
1656 1048 1710 1090 60,
1738 1049 1824 1093 quod
1854 1060 1946 1093 prae·

1205 1102 1315 1135 sidens
1340 1102 1472 1146 capituli
1492 1103 1706 1146 imposterum
1728 1102 1948 1147 postulabitur

1206 1167 1222 1189 a
1256 1156 1529 1190 reverendissimo
1573 1162 1665 1200 patre
1708 1157 1853 1200 generali
1886 1168 1947 1202 per

1206 1210 1444 1254 provincialem
1475 1221 1537 1254 pro
1573 1216 1720 1254 tempore
1746 1211 1945 1252 existentem,

1206 1270 1237 1297 et
1262 1264 1304 1297 sit
1329 1264 1531 1298 alternatim:
1560 1265 1605 1305 7⁰,
1633 1265 1719 1308 quod
1747 1264 1852 1298 dictus
1873 1275 1948 1309 pro-

1205 1318 1353 1352 vincialis
1375 1318 1507 1352 decreta
1527 1319 1694 1362 generalia
1709 1329 1767 1362 pro
1794 1321 1860 1352 tota
1877 1329 1947 1363 pro-

1204 1371 1308 1404 vincia
1325 1372 1466 1405 condere
1487 1382 1553 1405 non
1575 1372 1705 1415 poterit,
1724 1372 1785 1405 nisi
1811 1373 1850 1406 de
1875 1384 1948 1416 par-

1205 1425 1395 1468 ticipatione
1432 1425 1531 1458 totius
1569 1425 1746 1459 delinitorii
1779 1431 1810 1459 et
1834 1426 1944 1460 vicarii

1204 1479 1430 1523 provincialis:
1462 1479 1506 1520 8⁰,
1539 1480 1730 1523 superiores
1754 1481 1888 1522 locales,
1910 1481 1947 1514 si-

1204 1539 1257 1565 cut
1281 1533 1385 1566 etalii
1410 1533 1565 1566 officiales
1590 1533 1781 1573 subalterni,
1800 1544 1865 1567 non
1891 1534 1946 1568 eli-

1204 1592 1322 1629 gentur
1358 1597 1416 1630 pro
1451 1586 1667 1619 conventibus
1708 1587 1942 1629 Burgundiae,

1204 1641 1264 1674 nisi
1292 1640 1346 1684 qui
1372 1645 1446 1673 sunt
1480 1650 1516 1673 ex
1548 1640 1603 1673 illa
1633 1645 1725 1683 parte
1744 1667 1751 1680 ,
1777 1640 1860 1673 sicut
1883 1651 1944 1684 pro

1204 1694 1419 1728 conventibus
1444 1693 1624 1732 Narbonae,
1645 1693 1699 1737 qui
1725 1698 1799 1726 sunt
1823 1695 1946 1737 pariter

1204 1760 1241 1782 ex
1269 1749 1324 1781 illa
1349 1754 1458 1792 parte:
1489 1746 1531 1788 9⁰,
1554 1747 1639 1790 quod
1662 1757 1774 1780 omnes
1799 1747 1944 1790 religiosi

1203 1802 1421 1835 remanebunt
1445 1802 1476 1834 in
1502 1801 1717 1834 conventibus
1743 1812 1818 1835 suae
1844 1802 1946 1836 natio-

1204 1856 1278 1896 nis,
1313 1866 1373 1887 nec
1407 1860 1562 1898 poterunt
1594 1854 1666 1897 cogi
1705 1865 1876 1888 remanere
1911 1855 1944 1888 in

1203 1906 1419 1940 conventibus
1446 1906 1579 1939 alterius
1604 1906 1755 1947 nationis,
1772 1906 1832 1939 nisi
1848 1917 1946 1950 quan-

1204 1961 1245 1993 do
1271 1960 1303 1992 id
1328 1959 1579 2004 postulaverint,
1601 1960 1651 1992 vel
1678 1959 1863 1993 invenerint
1887 1960 1944 1994 be-

1203 2015 1337 2047 nevolos
1371 2019 1581 2056 receptores,
1609 2018 1640 2046 et
1672 2013 1847 2046 habuerint
1872 2024 1946 2048 con-

1204 2078 1334 2100 sensum
1364 2067 1465 2110 patris
1494 2066 1721 2110 provincialis:
1752 2066 1824 2107 100,
1857 2067 1945 2111 quod

1204 2120 1349 2162 religiosi
1378 2120 1543 2158 extranei,
1569 2125 1659 2152 extra
1685 2120 1844 2162 gremium
1870 2131 1945 2164 pro-

1203 2175 1327 2208 vinciae
1353 2174 1434 2214 nati,
1462 2175 1684 2206 censebuntur
1709 2184 1778 2206 esse
1801 2174 1841 2207 de
1867 2185 1945 2207 con-

1202 2229 1376 2268 ventibus,
1408 2240 1547 2272 quorum
1574 2234 1649 2261 sunt
1674 2228 1836 2271 professi,
1863 2229 1945 2262 sicut

1203 2286 1234 2315 et
1254 2282 1312 2322 illi,
1330 2282 1383 2326 qui
1405 2282 1470 2315 nati
1490 2282 1523 2314 in
1545 2281 1726 2315 civitatibus
1746 2282 1943 2325 provinciae,

1202 2337 1425 2369 censebuntur
1451 2347 1519 2369 esse
1546 2347 1581 2368 ex
1609 2337 1664 2369 illa
1689 2341 1781 2378 parte
1821 2336 1853 2368 in
1880 2347 1944 2379 qua

1202 2389 1268 2422 nati
1294 2395 1376 2430 sunt⁷
1395 2395 1434 2428 et,
1463 2389 1493 2422 in
1514 2395 1669 2432 quantum
1691 2400 1771 2432 opus
1791 2395 1849 2429 est,
1869 2389 1943 2423 illos

1202 2442 1369 2485 provincia
1413 2453 1472 2485 per
1511 2453 1668 2486 praeseus
1709 2443 1943 2476 concordatum

1204 2501 1365 2539 tamquam
1398 2495 1481 2529 tilios
1505 2495 1662 2528 admittit:
1689 2495 1752 2533 Μ’,
1778 2497 1864 2539 quod
1892 2497 1944 2530 de-

1202 2548 1335 2589 finitor,
1364 2559 1423 2593 pro
1455 2549 1596 2592 capitulo
1623 2549 1767 2590 generali
1791 2550 1943 2593 deputan-

1203 2602 1272 2642 dus,
1300 2602 1361 2635 erit
1387 2601 1558 2645 eligendus
1577 2612 1613 2634 ex
1635 2601 1691 2634 illa
1710 2607 1803 2645 parte
1821 2602 1861 2636 de
1879 2613 1943 2646 qua

1241 2665 1250 2691 1
1270 2665 1381 2692 Comma
1393 2664 1558 2701 praecedens
1570 2664 1676 2692 videtur
1688 2664 1850 2693 defectivum
1860 2665 1941 2701 (Rs).

1949 258 1997 284 An.
2018 257 2048 284 C.
2071 258 2141 285 1698
