2254 3225
444 222 507 257 962
991 230 1171 256 arcuatum
1197 230 1347 255 nosiANrn

486 284 638 329 praedicti
663 284 791 328 hospitii
818 283 1009 329 pauperibus
1035 283 1177 316 invalidis
1203 293 1324 316 necnon
1355 282 1506 316 ministris
1540 286 1569 314 et
1593 280 1781 315 officialibus
1806 280 1934 325 quibus-

487 349 622 382 cumque
638 337 863 381 indulgentiam
885 337 1058 381 plenariam
1084 343 1268 381 perpetuam
1296 346 1351 380 per
1384 334 1511 368 [nodum
1537 334 1677 377 suffragii
1699 334 1730 367 in
1748 333 1935 378 quibusdam

489 392 708 425 festivitatibus
745 397 774 424 et
807 392 938 424 articulo
976 390 1086 424 mortis
1112 390 1283 429 concessit,
1309 388 1373 422 534
1399 390 1438 429 b,
1466 388 1606 421 eiusdem
1633 387 1826 432 pauperibus
1851 387 1938 420 cibos

490 445 666 490 prohibitos
691 445 784 478 edere
808 455 911 488 posse,
925 454 1046 477 necnon
1072 444 1103 476 in
1128 444 1261 476 articulo
1288 442 1398 475 mortis
1422 442 1460 474 ab
1486 441 1631 474 omnibus
1654 441 1789 485 peccatis
1814 446 1843 474 et
1865 451 1937 474 cen-

493 499 574 532 suris
607 509 701 543 posse
733 498 862 539 absolvi,
888 497 1063 536 concessit,
1096 495 1160 529 535
1185 495 1217 535 b,
1246 505 1305 537 pro
1332 495 1456 527 tandem
1487 494 1617 538 praefati
1646 494 1774 538 hospitii
1806 494 1939 528 utilitate

492 553 657 586 nonnullas
681 552 756 584 alias
781 550 987 595 praescripsit
1012 548 1225 583 ordinationes
1250 548 1331 580 idem
1358 547 1573 587 Innocentius,
1599 552 1632 580 ut
1657 547 1762 580 videre
1786 552 1832 580 est
1856 547 1939 591 apud

493 605 638 639 eumdem
652 631 659 644 ‚
683 603 746 637 536
772 616 792 637 α
818 609 847 636 et
870 614 942 647 seq.·,
964 603 1001 635 ad
1026 601 1220 646 praedictum
1239 611 1413 644 pauperum
1432 599 1640 632 invalidorum
1661 600 1846 643 hospitium,
1863 600 1939 634 Gre-

493 659 573 702 gorii
601 658 652 692 XV
671 657 824 690 indultum
851 657 997 700 hospitali
1016 656 1045 688 S.
1060 655 1136 688 Sixti
1154 664 1338 688 concessum
1364 653 1510 691 exlendit.
1528 653 1590 687 546
1609 654 1644 694 b,
1668 653 1806 686 eiusdem
1829 654 1940 697 puellis

493 712 602 755 viginti
636 711 775 744 subsidia
805 710 919 743 dotalia
953 721 989 742 ex
1022 707 1368 742 archiconsraternitate
1400 706 1658 740 Annunciationis
1683 706 1713 739 B.
1745 706 1780 740 M.
1807 707 1839 739 V.
1865 706 1941 739 assi-

493 764 609 808 gnavit,
636 763 699 797 606
725 764 742 796 b
768 767 797 797 et
818 774 877 807 seq.

405 818 513 853 Hostia
538 823 729 850 consecrata.
756 817 870 850 Contra
895 815 1016 849 hostiae
1041 820 1243 848 consecratae
1272 819 1471 859 surreptores
1496 820 1526 848 et
1550 818 1724 849 retentores
1750 814 1944 848 constitutio-

494 883 548 905 nes
572 872 744 906 Innocentii
771 871 810 904 XI
847 870 1046 913 aliorumque
1071 869 1285 909 confirmavit,
1311 869 1485 909 innovavit,
1518 868 1687 901 declaravit
1722 874 1751 901 et
1784 868 1945 912 ampliavit

495 925 671 959 Alexander
696 924 772 964 vlll,
798 923 862 957 166
888 924 904 956 b
929 929 959 956 et
982 934 1060 966 scq.;
1089 922 1229 954 Hostiam
1256 927 1469 954 consecratam
1495 921 1702 965 surripientes
1719 926 1749 953 et
1765 921 1944 961 retinentes,

497 989 605 1012 omnes
631 978 668 1010 ad
694 988 802 1016 unum,
827 977 913 1009 nulla
938 985 1071 1020 prorsus
1096 976 1224 1018 excepta
1249 978 1393 1018 persona,
1415 975 1692 1008 constituitonibus
1713 974 1880 1018 praedictis
1898 975 1944 1007 in-

497 1032 578 1065 cludi
600 1031 747 1070 decrevit,
765 1030 824 1063 161
847 1041 884 1069 α;
913 1029 985 1063 item
1012 1028 1152 1062 Hostiam
1179 1034 1393 1062 consecratam
1416 1029 1462 1062 vel
1488 1040 1544 1073 per
1569 1039 1601 1062 se
1627 1029 1673 1061 vel
1698 1028 1790 1061 etiam
1809 1027 1847 1061 de
1863 1038 1948 1060 man-

497 1085 569 1119 dato
586 1085 766 1124 retinentes,
780 1084 827 1117 vel
852 1084 913 1116 alio
940 1082 1171 1123 transferentes,
1197 1082 1474 1116 constitutionibus
1499 1082 1616 1116 eisdem
1643 1081 1870 1125 comprehendi
1893 1081 1948 1115 de-

496 1139 644 1181 claravit,
670 1137 729 1171 161
760 1138 786 1171 b.

1176 1297 1187 1330 I

411 1409 595 1444 immunitas
620 1419 636 1441 a
661 1407 878 1450 vectigalibus,
903 1406 973 1440 vide
997 1405 1176 1448 Vectigalia.

412 1463 527 1497 Indiae.
561 1462 774 1505 indulgentias
805 1460 972 1494 nonnullas
1008 1458 1164 1492 concessit
1196 1456 1372 1491 Alexander
1404 1455 1468 1490 vm
1506 1454 1765 1489 christifidelibus
1796 1454 1826 1487 in
1858 1454 1954 1488 Indiis

502 1516 729 1554 existentibus,
757 1513 799 1546 46
825 1525 843 1546 α
870 1519 899 1545 et
923 1524 1004 1556 scq.;
1033 1518 1062 1545 et
1086 1512 1247 1544 facultates
1284 1510 1438 1555 plurimas
1471 1509 1662 1553 presbyteris
1691 1508 1853 1542 Societatis
1884 1508 1954 1543 Iesu

501 1569 542 1601 ibi
568 1567 848 1606 commorantibus,
874 1565 916 1600 48
941 1577 959 1599 α
985 1571 1015 1598 et
1039 1576 1099 1609 seq.

412 1623 637 1666 Indulgentiae.
663 1620 891 1663 Indulgentiam
926 1619 1100 1663 plenariam
1126 1622 1321 1661 perpetuam,
1347 1616 1487 1649 ecclesiis
1512 1616 1667 1649 Minorum
1693 1614 1953 1649 Conventualium

500 1676 550 1709 die
574 1675 593 1708 Ξ
619 1675 742 1715 angusti
769 1683 970 1712 concessam,
996 1671 1147 1715 applicari
1180 1681 1271 1714 posse
1304 1670 1468 1702 animabus
1493 1669 1713 1702 defunctorum
1740 1668 1869 1702 indulsit
1888 1670 1956 1703 Ale·

503 1729 619 1761 xander
647 1727 720 1766 VIII,
741 1726 783 1760 :3³2
807 1738 826 1759 α
852 1731 881 1758 et
906 1725 938 1765 b,
966 1725 1131 1757 nonnullas
1157 1723 1414 1756 christifidelibus
1440 1723 1470 1754 in
1491 1722 1584 1754 Indiis
1603 1721 1808 1755 existentibus
1825 1733 1956 1756 eonces-

503 1783 551 1821 sit,
577 1782 618 1815 46
644 1793 662 1814 α
688 1787 716 1813 et
741 1791 819 1825 seq,
848 1780 1019 1812 stationum
1049 1778 1148 1817 L'rbis,
1174 1777 1211 1809 ab
1233 1777 1415 1810 Innocentio
1433 1775 1474 1808 XI
1504 1775 1814 1808 confraternitatibus
1846 1776 1958 1810 Beatae

505 1836 618 1869 Mariae
636 1836 673 1867 de
691 1834 832 1867 Mercede
851 1832 1075 1875 redemptionis
1101 1831 1296 1874 captivorum
1315 1830 1352 1862 ad
1373 1829 1559 1862 decennium
1586 1839 1779 1867 concessam,
1798 1829 1827 1861 in
1846 1840 1958 1874 perpe-

508 1896 594 1921 tuum
618 1888 754 1921 extendit
772 1887 866 1924 idem,
884 1885 921 1919 61
943 1897 962 1918 α
980 1891 1009 1917 et
1034 1885 1063 1925 b,
1089 1890 1266 1917 ceterorum
1293 1882 1488 1926 regularium
1514 1881 1621 1915 Ordini
1647 1881 1758 1914 Beatae
1783 1882 1896 1915 Mariae
1920 1882 1959 1915 de

505 1942 646 1976 Mercede
666 1940 890 1984 redemptionis
907 1942 1100 1983 captivorum
1119 1937 1373 1975 communicavit,
1390 1935 1431 1968 62
1445 1946 1465 1968 ct
1482 1941 1511 1968 et
1528 1946 1587 1979 seq.
1604 1946 1611 1974 ;
1632 1935 1796 1968 nonnullas
1814 1935 1956 1978 Congre-

507 1996 623 2038 gationi
651 1995 908 2039 presbyterorum
935 1991 1142 2025 saecularium
1174 1990 1281 2023 Beatae
1314 1989 1427 2022 Mariae
1453 1988 1589 2031 Virginis
1614 1989 1802 2032 Assumptac
1827 1988 1960 2022 civitatis

508 2048 728 2082 Bracliarensis
747 2046 911 2085 concessit,
939 2045 979 2079 78
997 2056 1016 2077 α
1033 2051 1063 2077 ct
1082 2055 1144 2088 seq.
1160 2056 1167 2084 ·,
1189 2043 1413 2086 indulgentiam
1432 2042 1604 2086 plenariam
1620 2047 1803 2086 perpetuam
1825 2042 1855 2074 in
1881 2043 1959 2076 sesto

505 2103 600 2135 sancti
628 2101 750 2134 Ioannis
775 2112 792 2132 a
818 2099 846 2132 S.
872 2099 1018 2132 Facundo
1050 2098 1174 2132 Ordinis
1206 2097 1410 2130 eremitarum
1442 2095 1538 2128 saneti
1565 2095 1729 2137 Augustini
1763 2095 1960 2128 visitantibus

507 2156 654 2189 ecclesias
680 2154 753 2187 dieti
779 2153 904 2187 Ordinis
930 2153 1081 2185 concessit
1104 2152 1197 2192 idem,
1220 2150 1282 2183 *156
1305 2151 1339 2190 b;
1360 2155 1479 2193 septem
1497 2159 1649 2181 annorum
1676 2154 1703 2181 et
1730 2148 1858 2181 totidem
1882 2160 1959 2192 qna-

508 2209 662 2251 dragenas
680 2208 709 2239 in
729 2208 805 2240 sesto
824 2207 852 2240 S.
875 2206 1011 2239 Caietani
1029 2205 1186 2243 Tliienaei‚
1202 2214 1381 2237 concessam
1400 2214 1416 2235 a
1434 2202 1592 2235 Clemente
1610 2203 1643 2242 X,
1662 2201 1848 2245 approbavit
1872 2202 1961 2234 Iuno<

510 2262 630 2295 centius
648 2261 711 2301 XII,
735 2260 795 2293 tat
811 2260 844 2300 b‘,
872 2260 990 2303 pariter
1015 2264 1133 2301 septeni
1161 2268 1315 2290 annorum
1337 2262 1366 2289 et
1385 2255 1512 2289 totidem
1531 2254 1805 2299 quadragenarum
1832 2254 1861 2287 in
1882 2255 1959 2288 festo

510 2316 538 2348 S.
573 2314 715 2347 Ioaannis
741 2314 778 2345 de
805 2314 866 2346 Deo
899 2313 936 2345 ab
962 2312 1140 2345 Alexandro
1167 2310 1231 2343 VIII
1258 2320 1437 2343 concessam
1466 2308 1695 2352 promulgavit,
1721 2307 1784 2340 '156
1809 2318 1847 2348 a,
1874 2307 1960 2339 simi-

509 2369 580 2401 liter
606 2373 725 2410 septem
751 2377 904 2399 annorum
931 2371 959 2398 et
981 2365 1110 2398 totidem
1129 2365 1403 2408 quadragenarum
1423 2363 1453 2395 in
1477 2362 1555 2395 festo
1573 2362 1601 2395 S.
1618 2360 1772 2394 Paschalis
1790 2360 1905 2404 Bavlon
1922 2359 1959 2392 alJ

510 2421 618 2454 eodem
644 2420 820 2453 Alexandro
846 2430 1025 2452 concessam
1048 2419 1164 2462 pariter
1188 2417 1416 2461 promulgavit,
1438 2415 1501 2449 213
1518 2415 1552 2451 b:
1580 2414 1750 2458 plenariam
1776 2419 1961 2457 perpetuam

509 2474 649 2507 ecclesiis
675 2474 805 2505 fratrum
831 2473 859 2506 S.
886 2473 1008 2505 loannis
1033 2472 1070 2504 de
1096 2472 1158 2504 Deo
1183 2471 1231 2503 die
1254 2481 1309 2504 vni
1341 2469 1452 2511 martii,
1478 2469 1555 2501 sesto
1584 2467 1722 2500 eiusdem
1746 2466 1859 2506 Sancti,
1885 2477 1960 2500 con-

511 2527 624 2568 cessit,
656 2526 720 2559 220
748 2537 788 2566 a,
824 2526 996 2569 plenariam
1027 2529 1211 2568 perpetuam
1243 2523 1390 2557 ecelesias
1423 2521 1604 2555 monialium
1635 2519 1824 2553 Visitationis
1851 2520 1962 2554 Beatae

512 2581 625 2614 Mariae
652 2580 787 2621 Virginis
812 2580 842 2611 in
867 2579 916 2611 die
941 2580 1017 2611 sesto
1043 2578 1071 2612 S.
1098 2577 1254 2610 Francisci
1287 2576 1395 2610 Salesii
1421 2574 1616 2608 visitantibus
1642 2584 1822 2606 concessam
1847 2573 1961 2606 confir-

513 2634 624 2675 mavit,
651 2633 713 2666 4227
739 2644 773 2673 a,
808 2637 977 2677 perpetuas
1010 2632 1178 2666 nunnullas
1210 2630 1375 2674 utriusque
1407 2639 1497 2663 sexus
1531 2627 1673 2672 personis
1706 2626 1830 2661 Ordinis
1861 2626 1960 2661 sancti
