2254 3225
282 197 317 222 A„
348 195 376 222 c.
397 195 462 222 uzoa
507 185 572 219 4:38
1045 193 1224 220 BULLARIUM

472 243 618 285 stolicis,
657 243 841 288 ceterisque
881 244 1053 278 contrariis
1093 244 1208 288 quibu-

472 307 643 342 scumque.

515 351 629 384 Datum
653 351 794 392 Romae,
819 351 907 395 apud
931 351 962 384 S.
989 350 1119 384 Mariam
1146 349 1208 382 Ma-

471 403 587 445 iorem,
613 405 672 438 sub
708 406 828 438 annulo
865 404 1048 443 Piscatoris⁷
1074 403 1125 436 die
1150 413 1207 436 v111

471 456 553 490 iunii
572 467 714 498 Mnexcn,
735 456 944 501 pontificatus
961 456 1063 490 nostri
1081 466 1165 489 anno
1182 466 1203 490 1.

505 519 567 548 Dat.
588 520 631 548 die
650 520 666 548 8
686 520 752 547 iunii
771 519 851 555 1692,
872 519 968 555 pontif.
985 527 1055 548 anno
1070 527 1091 547 1.

776 663 895 698 XXVII.

472 741 716 785 Confirmantur
753 743 993 776 constitutiones
1033 719 1230 785 mitylena-i

515 797 612 830 [Ionis
635 796 895 839 presbyterorum
919 795 1139 828 saecularium
1170 795 1207 826 in
1226 785 1229 807 ³

512 848 645 891 colleyio
669 848 702 882 S.
719 848 839 881 Luciae
863 848 1079 882 Bononiensis
1102 847 1205 880 Socie-

515 902 591 934 talis
615 901 691 935 Iesu
703 901 724 936 ¹.

643 981 842 1010 Innocentius
862 982 942 1016 Papa
960 971 1037 1017 xus

607 1027 643 1054 nd
663 1027 799 1055 futuram
819 1027 865 1054 rei
886 1027 1068 1054 memoriam.

301 1106 441 1130 Prooemium.
510 1097 544 1130 In
565 1107 717 1141 supremo
742 1098 911 1132 militantis
927 1097 1089 1131 Ecclesiae
1108 1097 1202 1136 solio,

467 1150 591 1183 meritis
615 1151 691 1184 lieet
710 1151 901 1194 imparibus,
925 1161 985 1194 per
1005 1150 1203 1184 ineffabilem
1223 1163 1225 1197 ᾗ

466 1203 593 1237 divinae
619 1204 812 1237 clementiae
837 1204 1068 1237 abundantiam
1084 1203 1204 1236 consti·
1223 1202 1224 1227 l

467 1256 542 1297 tuti,
579 1267 629 1297 ea,
655 1267 736 1301 quae
761 1267 820 1300 pro
853 1257 938 1290 felici
979 1267 1203 1300 prosperoque

465 1310 758 1353 congregationum
789 1309 1048 1343 christifidelium
1081 1309 1114 1341 in
1139 1320 1203 1342 sor-

467 1368 532 1395 tem
565 1363 693 1396 Domini
727 1368 944 1404 vocatorum,
976 1374 1012 1396 ac
1048 1363 1201 1406 propriae

466 1415 656 1459 alienaeque
670 1417 765 1449 saluti
787 1417 940 1450 laudabili
958 1417 1066 1450 studio
1081 1417 1203 1449 incum-

465 1467 622 1509 bentium,
648 1469 688 1502 ad
713 1470 896 1503 exercenda
915 1469 1110 1505 christianae
1128 1469 1203 1501 cha-

466 1521 571 1554 ritatis
596 1527 693 1565 atque
717 1522 846 1565 pietatis
870 1533 969 1565 opera
996 1522 1050 1566 pie
1080 1527 1203 1555 sancte-

466 1584 528 1616 que
554 1574 786 1615 institutarum,
803 1575 960 1618 regimine
981 1580 1013 1607 et
1029 1585 1202 1617 progressu

465 1626 602 1669 provide
627 1627 871 1671 prudenterque
903 1627 1076 1661 constituta
1107 1632 1202 1670 atque

465 1679 617 1712 ordinata
641 1690 713 1713 esse
738 1686 930 1720 noscuntur,
956 1685 992 1713 ut
1008 1679 1101 1712 firma
1120 1689 1202 1712 sem-

463 1741 524 1774 per
539 1738 635 1775 atque
653 1733 778 1766 illibata
799 1733 986 1776 persistant,
1016 1732 1202 1775 apostolicis

464 1785 650 1819 muniminis
674 1786 857 1829 patrocinio
872 1813 880 1827 ‚
905 1797 977 1819 cum
1010 1786 1043 1819 id
1067 1796 1084 1818 a
1108 1785 1224 1818 nobis!

465 1840 593 1882 petitur,
620 1839 763 1872 libenter
787 1841 993 1873 roboramus.

272 1898 455 1947 [ussqssgaigsgsst
508 1892 578 1935 §L
605 1893 730 1936 Exponi
767 1893 929 1936 siquidem
964 1893 1060 1926 nobis
1095 1904 1202 1937 nuper

271 1945 611 2000 fii'i'.fiff¹‚'iss'.⁹.‘02?{¹gfecerunt
640 1946 751 1979 dilecti
782 1946 840 1980 filii
871 1946 1022 1980 Camillus
1052 1946 1200 1979 Malvozzi

271 1986 437 2027 ruminationis.
464 2003 497 2031 et
521 1998 734 2042 Hieronymus
770 1999 927 2043 Sampieri
963 2000 1198 2041 Bononieuscs‚

465 2052 562 2095 quod,
577 2062 651 2085 cum
674 2062 760 2085 anno
785 2052 930 2095 proxime
954 2054 1129 2096 praeterito
1150 2064 1200 2086 ve-

464 2104 618 2137 nerabilis
642 2105 743 2137 srater
766 2105 900 2138 Iacobus
934 2106 1200 2149 archiepiscopus

463 2157 690 2197 Bononiensis,
718 2158 757 2190 ad
784 2157 1019 2201 omnipotentis
1051 2158 1106 2191 Dei
1132 2160 1199 2202 glo-

463 2212 543 2244 riam
568 2217 599 2244 et
622 2211 779 2244 clericalis
806 2217 905 2244 status
925 2211 958 2243 in
977 2212 1119 2244 dioecesi
1141 2213 1199 2245 Bo-

463 2264 614 2296 noniensi
638 2264 886 2306 pei-sectionem,
906 2264 1197 2307 Congregationem

462 2317 728 2360 presbyterorum
752 2327 807 2349 seu
833 2318 1025 2350 clericorum
1058 2319 1199 2350 saeculu-

464 2370 547 2402 rium
572 2370 605 2402 in
630 2369 768 2411 collegio
794 2370 825 2402 S.
846 2370 964 2402 Luc-iac
982 2370 1198 2403 Bononiensis

499 2460 508 2485 1
532 2458 561 2484 ln
577 2460 664 2485 const.
680 2458 722 2484 ed.
740 2464 857 2491 nncxcu,
875 2458 917 2485 die
933 2458 949 2484 3
964 2458 1041 2491 iunii,
1063 2458 1157 2493 pontif.
1180 2465 1197 2490 1,

463 2503 636 2530 confirmatae
654 2502 729 2529 fuere
753 2503 959 2529 constitutiones
977 2503 1196 2537 presbyterorum

462 2548 503 2574 SS.
521 2548 657 2574 Trinitatis
676 2548 878 2582 peregrinorum
906 2552 933 2573 et
952 2547 1195 2574 convalescentium

462 2592 495 2618 de
517 2592 594 2619 [rbe-

1247 191 1403 218 nOMANuM

1251 242 1444 276 clericorum
1476 241 1672 285 regularium
1706 241 1877 278 Societatis
1910 241 1984 275 Iesu

1251 295 1391 329 erexerit
1426 301 1523 340 atque
1554 295 1740 336 instituerit,
1772 296 1878 329 eidem
1902 295 1983 329 Con-

1251 349 1430 391 gregationi
1449 349 1487 382 de
1511 349 1663 382 mandato
1680 348 1784 393 ipsius
1802 349 1909 384 Iacobi
1934 360 1984 383 ar-

1250 401 1449 445 chiepiscopi
1480 402 1701 446 praescriptae
1730 402 1860 436 suerunt
1895 413 1984 436 non-

1250 456 1356 489 nullae
1381 456 1627 489 constitutiones
1653 457 1775 490 tenoris
1804 457 1859 501 qui
1876 457 1984 501 sequi-

1250 512 1307 549 tur,
1328 509 1495 542 videlicet:

1250 577 1429 610 Costc‘tuzioni
1455 579 1528 609 della
1557 578 1773 618 congregazione
1801 580 1874 619 degli
1900 580 1985 611 eccle-

1287 628 1393 657 siastici
1413 628 1531 658 secolari
1556 632 1642 658 erelta
1668 629 1696 658 in
1719 628 1842 667 Boloqna
1863 629 1908 658 nel
1929 629 1983 659 col-

1288 677 1357 715 legio
1378 677 1406 707 di
1428 677 1456 707 S.
1473 677 1559 707 Lucia
1580 677 1653 707 della
1669 677 1833 717 Compaynz'a
1855 678 1884 708 di
1902 678 1981 713 Gesic,

1284 735 1337 764 por
1358 726 1453 755 ordine
1474 726 1504 755 dc·
1524 727 1680 764 monsiynor
1701 725 1888 756 illustrissimo
1910 729 1983 756 arci-

1289 783 1397 803 rescoro
1414 774 1539 804 Giacomo
1555 773 1759 814 Boncompayni
1780 774 1873 805 l'anno
1895 775 1983 812 1691,

1287 824 1351 853 addi
1373 824 1390 853 8
1413 823 1564 854 novembre.

1286 889 1306 911 1.
1330 881 1353 911 Il
1374 882 1430 911 fine
1452 881 1479 911 di
1502 885 1604 921 questa
1633 881 1869 921 Congregazione
1899 882 1915 912 ἐ
1942 886 1985 913 at-

1247 929 1376 967 tendere,
1400 929 1546 960 mediante
1568 930 1594 959 la
1617 929 1713 960 divina
1737 931 1844 969 grazia,
1868 931 1895 961 al
1917 940 1984 970 pro-

1247 978 1309 1017 prio
1331 978 1448 1016 profitto
1476 978 1641 1017 spirituale,
1665 987 1680 1008 e
1702 979 1834 1009 rendersi
1856 978 1932 1009 abile
1954 979 1982 1008 di

1247 1026 1396 1056 attendere
1427 1035 1482 1056 con
1514 1026 1582 1065 ogni
1604 1027 1697 1057 ssorzo
1719 1027 1745 1057 al
1768 1027 1886 1067 profitto
1907 1027 1983 1066 degli

1246 1075 1325 1105 altri.

1284 1132 1314 1154 11.
1342 1125 1371 1154 Si
1394 1124 1536 1154 radunera
1559 1125 1584 1154 la
1607 1125 1839 1164 Congregazione
1868 1125 1888 1155 il
1909 1125 1984 1165 dopo

1247 1183 1353 1213 pranzo
1368 1175 1466 1210 d'oeni
1483 1175 1638 1205 mereoledi
1656 1185 1709 1205 uon
1726 1175 1875 1214 impedito,
1892 1185 1984 1215 quan-

1245 1224 1281 1253 do
1303 1223 1332 1253 in
1356 1232 1509 1262 progresso
1540 1223 1568 1253 di
1600 1228 1697 1263 tempo
1729 1233 1787 1253 non
1819 1223 1982 1253 sembrasse

1245 1272 1367 1311 qualche
1388 1272 1461 1301 altro
1483 1272 1586 1310 giorno
1603 1272 1652 1311 piu
1667 1276 1850 1311 opportuno:
1872 1281 1888 1302 e
1909 1276 1983 1302 tutto

1245 1321 1362 1358 l'anno,
1387 1321 1488 1350 toltine
1510 1321 1530 1350 il
1553 1320 1711 1350 settembre
1733 1330 1748 1350 e
1770 1320 1923 1359 l'ottobre,
1957 1321 1982 1350 si

1245 1369 1463 1399 eserciteranno
1485 1369 1494 1398 i
1516 1369 1683 1407 congregati
1707 1369 1736 1398 in
1757 1369 1853 1407 giorni
1868 1369 1982 1399 distinti

1248 1419 1275 1448 1⁰
1302 1418 1378 1448 nella
1408 1418 1569 1457 sposizione
1601 1418 1676 1456 degli
1709 1418 1862 1456 evangeli3
1891 1418 1922 1447 2st
1950 1419 1980 1448 in

1245 1467 1456 1505 ragionamenti
1471 1475 1557 1505 sopra
1575 1466 1614 1504 gli
1630 1466 1681 1496 atti
1703 1475 1718 1495 e
1741 1467 1846 1496 canoni
1862 1467 1980 1496 de'con-

1245 1516 1315 1553 cili,
1339 1515 1369 1545 3⁴³
1391 1515 1421 1545 in
1443 1515 1584 1545 decisioni
1613 1514 1730 1544 de’casi
1753 1515 1781 1544 di
1803 1515 1974 1551 coscienza;

1244 1564 1275 1594 4⁰
1297 1564 1327 1594 in
1350 1563 1544 1594 osservazioni
1573 1572 1658 1603 sopra
1684 1563 1710 1593 le
1742 1562 1881 1593 rubriche
1904 1563 1979 1593 della

1245 1622 1349 1643 messa.

1283 1671 1324 1692 111.
1341 1662 1450 1692 Mentre
1471 1661 1496 1691 si
1518 1661 1669 1691 radunano
1687 1661 1788 1691 all'ora
1810 1661 1930 1701 prefissa
1953 1661 1980 1691 ai

1245 1711 1423 1749 congregati,
1447 1710 1471 1740 si
1492 1710 1608 1748 leggera
1630 1719 1681 1749 per
1706 1720 1743 1740 un
1771 1714 1873 1749 quarto
1896 1710 1980 1740 d'ora

1244 1769 1283 1789 un
1306 1759 1380 1789 libro
1402 1759 1565 1798 spirituale.
1599 1758 1610 1788 I
1641 1762 1685 1788 tre
1717 1759 1813 1797 quarti
1834 1759 1977 1797 seguenti,

1243 1809 1316 1848 dopo
1348 1807 1564 1838 l'invocazione
1596 1807 1672 1837 dello
1694 1807 1804 1846 Spirito
1826 1807 1925 1845 Santo,
1955 1808 1980 1837 si

1243 1857 1483 1896 impiegheranno
1511 1856 1541 1885 in
1563 1866 1621 1885 uno
1643 1855 1824 1886 de'suddetti
1846 1857 1978 1894 esercizi,

1243 1906 1277 1936 ed
1300 1906 1330 1935 in
1353 1906 1522 1935 conserenze
1537 1914 1623 1943 sopra
1646 1904 1672 1934 le
1694 1905 1814 1934 materie
1835 1905 1977 1934 discusse.

1243 1955 1323 1984 Nella
1356 1955 1496 1984 mezz'ora
1526 1953 1639 1990 ultima,
1669 1953 1787 1983 recitate
1818 1953 1845 1982 le
1878 1953 1978 1983 litanie

1242 2004 1317 2034 della
1339 2003 1422 2034 beata
1445 2002 1578 2041 Yergine,
1602 2003 1663 2032 sare
1681 2011 1736 2031 una
1760 2001 1847 2031 breve
1870 2006 1979 2032 esorta-

1242 2053 1325 2082 zione
1347 2056 1541 2082 concernente
1563 2051 1618 2080 alle
1642 2051 1718 2080 virtu
1739 2050 1774 2080 ed
1795 2050 1862 2089 ogni
1885 2051 1978 2089 perfe-

1242 2101 1323 2130 zione
1345 2101 1419 2130 dello
1441 2104 1513 2129 stato
1535 2098 1741 2128 ecclesiastico.

1280 2159 1318 2180 iv.
1342 2150 1381 2179 Lo
1404 2149 1545 2188 spositore
1577 2147 1653 2186 degli
1684 2146 1816 2185 evangeli
1838 2147 1974 2176 da'sunsi

1241 2198 1373 2228 letterale
1400 2206 1415 2227 e
1442 2196 1556 2226 mistico
1588 2196 1710 2235 spiegati
1743 2196 1836 2225 trarra
1868 2205 1926 2225 uno
1959 2205 1974 2225 o

1241 2247 1290 2287 piu
1312 2246 1422 2276 assunti
1445 2245 1549 2284 de’piu
1577 2244 1642 2273 utili
1664 2253 1679 2273 e
1701 2243 1843 2282 popolari,
1874 2252 1976 2273 accen-

1241 2295 1335 2324 nando
1358 2294 1411 2323 che
1433 2302 1498 2322 cosa
1521 2291 1659 2332 potrebbe
1677 2291 1747 2321 dirsi
1771 2300 1821 2330 per
1842 2291 1975 2321 istruzio-

1240 2352 1275 2373 ne
1297 2343 1343 2372 del
1359 2342 1484 2381 popolo;
1508 2350 1524 2370 o
1547 2349 1631 2379 pure,
1648 2344 1750 2369 stretto
1772 2339 1800 2369 in
1821 2340 1911 2378 poche
1927 2349 1975 2379 pa-

1240 2392 1300 2421 role
1323 2400 1362 2421 un
1383 2390 1471 2420 breve
1492 2389 1633 2426 discorso,
1651 2388 1802 2426 ragionera
1825 2388 1975 2426 a'congre-

1240 2440 1297 2479 gati
1319 2449 1400 2470 come
1421 2448 1452 2469 se
1474 2439 1582 2468 fossero
1608 2437 1757 2467 l’uditorio
1788 2437 1895 2475 ch’egli
1926 2437 1974 2467 do-

1241 2498 1321 2519 vesse
1343 2492 1559 2518 amm-destrue.
1584 2487 1706 2524 Seguira
1739 2487 1786 2526 poi
1819 2487 1846 2516 la
1878 2487 1975 2516 conse-

1240 2548 1338 2575 renza,
1363 2538 1391 2566 in
1423 2537 1469 2567 cui
1500 2537 1565 2565 sara
1598 2536 1683 2565 lecito
1717 2536 1752 2565 ad
1784 2544 1899 2573 ognuno
1927 2535 1972 2564 dvi

1239 2586 1403 2625 cougregati
1423 2598 1438 2615 o
1456 2594 1594 2624 proporre
1614 2584 1736 2623 qualche
1758 2584 1831 2614 altro
1854 2587 1971 2614 assunto

1983 192 2034 221 An.
2053 194 2084 222 C.
2105 193 2173 222 1602
