2227 3225
125 205 183 252 ’Am
201 223 230 252 c.
254 224 317 251 1691

159 391 229 412 cim
246 391 296 411 vm

134 418 317 464 nssit³¹²¹i⁸¹i³¹c¹1⁰1-
328 440 430 473 prona
455 436 487 463 et
511 430 613 464 tacitis
637 430 678 463 sit
695 431 733 463 ad
756 442 794 463 m·
790 432 883 469 ilum,
903 435 935 463 et
954 432 1063 473 plures

134 471 252 490 sationibus
276 470 317 490 fru-

135 498 247 518 stratoriis.

918 223 1126 247 tNNocEN‘rws
1151 224 1195 246 xri
1221 224 1269 246 Pr.

328 272 433 306 socius
450 273 616 315 sepultura
630 273 845 305 ecclesiastica
861 272 1013 315 privatuS,
1031 272 1063 303 in

328 336 442 368 eampo
467 325 655 368 sepeliatur.

374 389 394 410 ι.
432 377 508 410 Cum
548 383 649 410 natur
645 388 680 410 te
721 378 881 410 humanae
921 377 1063 409 conditio

329 483 378 515 sui
411 489 513 516 status
547 489 579 515 et
611 483 825 527 prolcssionis
860 483 1064 516 immemores

328 536 432 579 litigia
468 543 499 569 et
533 537 710 570 discordias
745 538 914 570 occasione
946 537 1061 580 appel-

327 590 415 622 landi
441 590 532 622 auxie
558 590 759 633 perquirant,
777 596 812 622 ut
828 590 886 621 sub
904 589 1066 632 querimo-

329 643 479 683 uiarum,
507 643 781 686 supplicationum
818 649 849 675 ct
873 642 1065 686 appellatio-

328 706 405 729 num
438 697 618 730 velamento
650 696 806 739 evagandi
842 707 953 729 ansani
986 696 1066 728 arri-

328 750 428 792 piant,
446 756 477 783 et
496 750 555 783 sub
580 750 760 783 sanctitatis
786 755 954 793 praetextu
980 750 1065 782 bona

328 802 456 835 Ordinis
482 803 514 835 in
539 803 748 836 detestabiles
773 813 849 835 usus
873 808 1066 835 consumant

329 855 360 888 in
376 861 503 889 nostrae
519 856 686 897 religionis
713 856 868 889 iacturam
887 862 918 889 et
939 855 1065 889 divinae

328 908 506 941 maiestatis
532 908 700 947 cucusam,
720 909 885 951 praesenti
910 909 1067 942 constitu-

329 961 418 994 tione
442 962 474 994 in
501 961 616 995 virtute
642 961 778 1005 Spiritus
803 962 909 994 Sancti
944 967 975 995 et
1005 963 1065 994 sub

329 1014 673 1047 excommunicationis
710 1015 872 1048 sententia
906 1015 1067 1058 praecipi-

328 1077 412 1107 mus,
433 1077 473 1100 ne
499 1067 571 1110 quis
596 1068 751 1111 capitulo,
770 1069 820 1100 vel
845 1073 935 1100 extra
959 1068 990 1100 in
1012 1068 1067 1101 ali-

329 1130 393 1162 quo
407 1120 489 1160 loco,
502 1130 704 1163 quacumque
719 1120 875 1163 dignitate
890 1121 922 1153 in
936 1120 1065 1161 Ordine,

329 1177 414 1204 statu
428 1173 477 1205 vel
496 1172 679 1205 conditione
698 1172 740 1205 sit
759 1173 938 1216 praeditus,
953 1174 1067 1206 audeat

329 1226 368 1258 ab
382 1226 517 1265 statutis,
530 1226 798 1265 ordinationibus,
811 1227 1066 1259 correctionibus

329 1278 379 1310 vel
403 1277 591 1310 obedientia
620 1278 766 1320 magistri
791 1279 964 1321 generalis,
992 1289 1068 1322 pro-

328 1330 490 1371 vincialis,
525 1329 722 1371 definitorii,
751 1336 806 1364 aut
837 1331 1067 1375 cuiuscumque

328 1383 466 1425 praelati
498 1383 594 1415 alium
626 1382 768 1415 iudicem
793 1383 904 1426 (salva
938 1395 1068 1428 semper

327 1435 517 1468 auctoritate
535 1435 734 1479 apostolica)
752 1437 924 1479 appellare,
943 1438 992 1470 vel
1010 1448 1069 1480 per

326 1488 409 1521 viam
433 1488 663 1532 appellationis
679 1493 733 1521 aut
752 1489 892 1522 cuiusvis
907 1490 1067 1533 querimo-

327 1542 399 1575 niae
435 1552 547 1575 eorum
586 1541 705 1575 iudicio
741 1553 808 1575 non
846 1543 1064 1586 acquiescere.

371 1605 407 1629 ιι.
434 1595 668 1638 Transgressor
699 1606 776 1628 vero
802 1596 900 1629 liuius
929 1596 1066 1640 disposi-

328 1648 425 1682 tioniS
455 1653 490 1680 ut
513 1658 650 1691 poenam
668 1648 827 1691 gravioris
853 1650 969 1692 culpae
995 1651 1066 1683 abs-

328 1712 390 1745 que
407 1711 464 1744 spe
489 1701 699 1734 relaxationis
731 1701 875 1734 incurrat
900 1703 1065 1736 constitui-

327 1764 408 1797 mus,
434 1764 531 1797 quain
555 1754 582 1786 si
608 1754 690 1787 sorte
719 1755 882 1788 sustinere
908 1757 1064 1796 renuerit,

328 1818 366 1839 ex
391 1816 476 1840 nunc
501 1817 560 1850 pro
587 1812 661 1839 tunc
683 1807 755 1850 ipso
777 1807 861 1840 sacto
886 1818 1066 1841 excommu-

327 1861 492 1901 nicamus,
517 1870 627 1893 rursus
661 1861 756 1893 etiam
787 1861 877 1894 illum
903 1861 935 1894 in
960 1873 1065 1896 carce-

326 1924 394 1947 rem
418 1914 540 1947 includi
563 1914 793 1957 praecipimus,
821 1915 1063 1959 iuliabilemque

325 1967 365 2000 ad
390 1977 518 2000 omnem
536 1967 847 2000 administrationem
862 1968 1062 2011 spiritualem

325 2021 375 2053 vel
403 2020 614 2063 temporalem
643 2031 772 2053 manere
800 2021 829 2053 in
856 2029 1060 2065 perpetuum.

324 2073 392 2112 Qua
416 2074 455 2106 de
480 2075 586 2116 poena
603 2073 689 2106 solus
706 2084 765 2116 per
782 2084 816 2107 se
841 2075 994 2116 magister
1013 2077 1061 2109 vel

324 2126 531 2169 provincialis
555 2136 626 2159 cuin
651 2126 850 2166 deffiiitorio,
879 2133 909 2159 et
934 2129 1061 2170 praevia

324 2180 539 2219 correctione,
559 2189 594 2212 ac
611 2179 724 2212 validis
741 2180 943 2223 poenitentia
964 2182 1062 2224 getni-

324 2233 418 2273 tibus,
444 2233 631 2276 dispensare
656 2233 768 2276 possit.

366 2295 414 2320 ιιι.
441 2285 531 2324 Quod
555 2285 581 2318 si
606 2285 639 2318 in
671 2296 741 2319 eam
772 2287 935 2319 vesaniam
967 2289 1060 2321 auda-

323 2339 469 2382 ciamque
494 2338 675 2379 devenerit,
700 2344 736 2371 ut
767 2339 806 2372 ad
830 2340 965 2382 profana
989 2351 1059 2374 sae-

322 2392 387 2425 culi
411 2391 586 2426 tribunalia
599 2392 772 2434 confugiat,
790 2392 876 2425 etad
897 2392 960 2431 illa,
981 2404 1059 2435 quo-

321 2445 368 2478 vis
391 2449 560 2488 praetextu
584 2450 640 2477 aut
663 2445 813 2488 quaesito
839 2445 959 2484 colore,
989 2457 1058 2478 cau-

321 2507 372 2531 sas
396 2497 524 2531 Ordinis
545 2503 577 2530 et
601 2508 708 2531 earum
733 2498 972 2541 appellationes
1001 2498 1055 2530 de-

322 2551 412 2590 terat,
441 2551 633 2594 quicumque
659 2550 712 2584 ille
739 2551 854 2592 t'ueiit,
884 2556 916 2583 et
945 2551 1055 2608 quatis·

321 2604 521 2661 conditione,
547 2604 700 2647 dignitate
726 2605 804 2637 ιυῖ
800 2614 835 2647 ¹r
839 2578 898 2637 aidu
926 2604 973 2636 ins
979 2604 1004 2634 i
990 2604 1054 2647 Uni·

310 2652 342 2661 t..-

1735 215 1797 248 '3207

1107 277 1173 310 tus,
1205 281 1238 303 se
1264 271 1391 304 noverit
1416 272 1621 305 incrusurum
1654 274 1684 305 in
1711 284 1839 306 exeom-

1106 324 1332 357 municationis
1369 326 1561 358 sententiani
1595 337 1611 358 a
1637 326 1838 358 sanctissimo

1105 377 1268 410 (demente
1292 378 1354 410 wit
1378 378 1406 410 iu
1429 379 1613 411 huiusmodi
1635 380 1774 411 audaces
1796 390 1841 412 sc-

1106 430 1270 462 rerissime
1298 432 1414 469 latam,
1443 432 1569 473 solique
1595 432 1738 463 Romano
1764 432 1840 463 Pon-

1107 482 1181 515 utici
1207 482 1286 514 citra
1308 484 1421 516 mortis
1440 483 1608 516 articulum
1634 490 1841 523 reservatam,

1107 546 1230 569 necnon
1256 537 1287 568 in
1314 537 1529 579 privationem
1548 544 1737 581 perpetuam
1765 538 1843 570 utri-

1106 599 1205 631 usque
1232 591 1336 629 vocis‚
1366 590 1545 623 officiorum
1572 596 1603 623 ct
1628 590 1840 633 dignitatum,

1106 652 1141 673 ac
1167 641 1263 674 etiam
1290 642 1530 675 inhabilitatem
1555 643 1593 675 ad
1621 643 1683 683 illa,
1711 643 1781 686 ipso
1804 644 1844 676 sa-

1106 699 1156 727 cto
1175 701 1204 727 et
1231 695 1351 738 absque
1379 696 1595 728 declaratione
1617 697 1744 739 aliqua:
1764 707 1842 739 quas

1107 758 1230 790 poenas
1257 758 1320 780 non
1348 748 1550 781 dIssimiliter
1583 749 1778 792 participant.
1810 760 1845 782 o-

1107 810 1197 832 nmes
1224 799 1269 832 illi
1296 801 1349 842 qui
1380 800 1503 833 directe
1535 807 1588 833 aut
1619 801 1776 834 indirecte
1803 802 1846 834 sa-

1108 859 1180 885 vent
1207 859 1239 885 et
1264 854 1441 886 consulunt
1466 856 1610 897 praelato
1636 855 1795 887 recursui.

1159 916 1201 939 lv.
1236 906 1392 939 Similiter
1429 907 1523 939 etiam
1562 907 1778 950 praecipimus
1811 912 1847 940 ut

1108 969 1202 992 nemo
1225 969 1259 991 ex
1279 959 1399 992 nostris
1416 960 1566 992 iratribus
1594 960 1626 992 in
1652 960 1717 991 suis
1738 960 1845 993 causis

1108 1011 1312 1044 iudicialibus
1339 1013 1502 1054 praelatos
1528 1012 1655 1045 Ordinis
1682 1013 1846 1055 legitimos

1109 1070 1139 1097 et
1159 1064 1344 1097 ordinarios
1370 1075 1522 1098 recusare
1541 1067 1655 1105 valcat,
1676 1066 1737 1098 nisi
1763 1066 1848 1098 iusta

1109 1118 1192 1151 adsit
1209 1124 1241 1151 et
1254 1119 1440 1161 gravissima
1457 1119 1547 1158 ratio,
1567 1130 1660 1162 quam
1682 1125 1848 1152 recusator

1109 1172 1249 1215 probare
1277 1177 1439 1212 tencatur,
1462 1182 1520 1205 nec
1546 1172 1599 1204 illa
1624 1173 1764 1205 valorem
1791 1173 1848 1206 lia-

1109 1226 1184 1257 beat
1207 1225 1395 1268 priusquam
1421 1236 1491 1258 esse
1517 1225 1746 1258 rationabilem
1773 1236 1848 1258 cen—

1109 1283 1219 1310 seatur
1242 1288 1302 1321 per
1327 1279 1408 1311 duos
1438 1284 1554 1320 patres,
1569 1280 1607 1311 ab
1633 1290 1671 1311 co
1697 1279 1848 1312 videlicet

1109 1330 1279 1372 eligendos
1307 1331 1362 1373 qui
1383 1331 1519 1373 praelati
1539 1332 1675 1364 recusati
1697 1332 1848 1375 superior

1110 1383 1208 1416 suerit
1223 1382 1441 1416 immediatus.
1461 1384 1614 1417 Probatio
1636 1391 1742 1418 autem
1761 1396 1778 1418 a
1798 1396 1848 1418 rc-

1109 1442 1240 1469 eusante
1266 1435 1320 1468 siat
1338 1437 1421 1468 iutra
1447 1437 1617 1469 terminum
1637 1448 1653 1470 a
1671 1438 1846 1480 praedictis

1108 1488 1255 1531 patribus
1280 1489 1338 1522 sibi
1370 1489 1587 1532 designatum.
1611 1490 1736 1523 interea
1761 1502 1846 1531 vcro,

1109 1541 1184 1574 dum
1209 1542 1293 1574 intra
1322 1542 1414 1575 illum
1451 1543 1489 1575 de
1524 1543 1605 1575 iusta
1640 1544 1846 1576 recusatione

1108 1594 1237 1636 agitur,
1264 1595 1400 1638 praelati
1430 1596 1568 1628 recusati
1601 1606 1733 1635 causas⁷
1763 1607 1847 1639 quae

1108 1649 1192 1691 apud
1207 1649 1281 1681 illos
1296 1655 1475 1688 versantur,
1486 1649 1618 1681 omnino
1633 1650 1846 1693 suspendant.

1107 1701 1138 1734 Si
1164 1708 1271 1734 autem
1307 1708 1477 1735 recusator
1505 1702 1536 1734 iu
1571 1703 1765 1746 probatione
1791 1704 1846 1737 de.-

1109 1755 1242 1795 l'ecerit,
1274 1765 1350 1788 voce
1374 1755 1475 1788 activa
1500 1761 1530 1787 ct
1555 1756 1682 1798 passiva
1715 1762 1845 1789 mancat

1108 1819 1166 1852 per
1191 1808 1385 1842 decennium
1411 1809 1564 1852 privatus,
1584 1815 1615 1841 et
1634 1809 1766 1842 biennio
1785 1811 1843 1842 sub

1107 1862 1212 1904 poena
1248 1861 1441 1894 reclusionis
1475 1867 1507 1894 ct
1542 1861 1696 1904 gravioris
1728 1864 1842 1906 culpae

1107 1915 1146 1947 de
1172 1916 1229 1947 sua
1249 1915 1375 1948 levitate
1401 1921 1432 1947 et
1458 1916 1637 1948 temeritate
1663 1916 1839 1959 poeniteat.

1150 1978 1172 2000 1.
1199 1968 1275 2000 Cum
1302 1968 1333 2000 in
1371 1968 1587 2000 electionibus
1620 1969 1658 2001 ad
1683 1970 1786 2002 ossicia
1811 1975 1842 2002 et

1105 2021 1334 2054 collationibus
1369 2021 1559 2064 dignititum
1595 2022 1723 2055 Ordinis
1756 2033 1840 2056 5ιιιιι-
1851 2030 1887 2075 ¹¹¹¹¹¹
1892 2011 1970 2075 ss'di'fl'l¹’'
2003 2012 2024 2077 ,ψ

1105 2085 1238 2117 mopere
1264 2085 1376 2107 catere
1402 2075 1579 2107 debeamus
1605 2086 1644 2107 ne
1676 2076 1757 2108 haec
1789 2088 1840 2109 ei
1851 2089 1873 2103 ι
1850 2059 1915 2133 ¹¹:¹¹¹

1105 2128 1177 2160 dem
1203 2138 1262 2170 per
1287 2127 1413 2159 satores
1440 2133 1609 2160 extianeos
1640 2135 1694 2160 aut
1723 2135 1839 2172 poteu-
1850 2137 1877 2156 ¹·11

1106 2186 1170 2212 tum
1189 2180 1437 2222 depiecniones
1459 2186 1492 2213 et
1516 2180 1602 2213 littei
1606 2191 1639 2213 ι5
1667 2188 1839 2224 extorque-

1103 2238 1198 2265 antur
1223 2243 1240 2264 3
1265 2233 1438 2271 fratribus,
1464 2233 1547 2266 unde
1573 2235 1621 2266 vel
1646 2234 1730 2267 Ordo
1756 2235 1839 2267 cius-

1103 2296 1164 2329 que
1189 2285 1333 2327 regimen
1358 2285 1571 2326 obtin-betur,
1597 2297 1653 2319 seu
1679 2287 1839 2331 deprima-

1103 2345 1152 2371 tur
1169 2339 1327 2381 aequitas,
1348 2339 1397 2371 vel
1423 2339 1559 2381 praelati
1576 2339 1607 2371 in
1629 2346 1716 2373 arcto
1741 2341 1837 2384 positi

1102 2392 1276 2434 pendeant,
1296 2402 1313 2423 a
1338 2391 1500 2424 favoribus
1517 2397 1624 2424 autem
1650 2400 1837 2427 amoventes

1101 2444 1344 2487 deprecantium
1362 2444 1394 2476 in
1419 2455 1452 2477 se
1480 2445 1527 2477 vel
1549 2444 1676 2477 Ordinis
1694 2445 1837 2488 indigna-

1100 2498 1221 2530 tionem
1250 2497 1431 2536 coneitent·‚
1459 2498 1578 2531 idcirco
1605 2499 1662 2530 sub
1695 2499 1836 2531 formalis

1098 2551 1302 2583 obedientiae
1320 2557 1494 2594 praecepto
1519 2552 1685 2584 statuimus
1704 2558 1731 2583 et
1754 2552 1835 2584 ordi-

1099 2614 1225 2644 namus,
1252 2610 1286 2636 ut
1311 2615 1405 2641 nenio
1432 2616 1465 2638 ex
1495 2605 1592 2637 nostri
1619 2604 1747 2637 Ordinis
1775 2606 1834 2638 113-

1846 226 1897 251 Λιι.
1911 224 1941 252 C.
1964 224 2026 250 1091

1885 1977 1912 1996 Ca
1903 1983 1953 1997 wir
1969 1979 2000 1998 lx.
