2227 3225
132 244 180 269 Αη,
203 243 230 266 (ἱ
252 241 316 268 icat

198 302 277 324 {irroga
291 309 309 322 io

127 332 287 351 ϋυιιίικιιηυιιιιιι.

128 864 172 878 runi
190 858 248 877 tuit-s.

157 2049 268 2070 Exordium

920 233 1126 259 tNNoctzN'rtUS
1152 234 1195 258 xtl
1220 235 1266 259 ΙΨ.

364 289 378 332 ἓ
402 289 434 321 4.
468 287 537 320 Νοιι
571 284 775 318 obstantibus
801 283 994 327 praemissis,
1020 293 1057 315 ac

321 339 608 375 constitutionibus
633 342 665 371 et
697 336 956 370 ordinationibus
981 345 1058 379 apo-

321 393 452 432 stolicis,
471 402 598 425 necnon
617 390 855 434 provinciarum
881 395 913 422 et
928 388 1057 422 Ordinis

321 446 517 484 huiusmodi,
542 445 651 478 aliisve
683 443 857 486 quibusvis,
885 441 982 475 ctiam
1012 441 1059 473 iu-

321 504 478 537 ramento,
510 497 755 531 continuatione
785 496 975 540 apostolica,
1009 496 1058 528 vel

321 552 432 596 quavis
457 551 608 584 firmitate
634 551 697 583 alia
721 549 899 589 roboratis,
931 548 1058 581 statutis

321 610 354 638 et
377 603 681 644 consuetudinibus,
706 612 834 635 necnon
859 601 1007 634 omnibus
1029 605 1060 633 et

323 658 460 700 singulis
485 657 558 697 illis,
592 667 674 700 quae
699 657 732 689 in
757 655 911 700 praetatis
942 654 1058 687 nostris

323 710 441 744 litteris
465 709 687 743 concessimus
717 719 781 741 non
811 707 957 748 obstare,
978 712 1060 740 ecte-

323 763 430 806 risque
448 762 619 795 contrariis
637 761 907 805 quibuscumque.

367 818 381 858 3¹
417 815 448 848 5.
477 816 634 848 Volumus
669 820 778 847 autem
807 820 842 846 ut
874 813 1059 845 earumdem

322 868 546 912 praesentium
567 868 749 902 litterarum
768 867 988 910 transumptis,
1003 876 1060 899 seu

321 922 489 965 exemplis,
507 922 603 955 etiam
621 921 909 965 impressis‘‚1na1iu
928 919 1062 953 alicuius

320 974 440 1008 notarii
476 975 601 1018 publici
637 974 849 1017 subscriptis,
888 978 920 1006 et
955 972 1062 1015 sigillo

320 1038 479 1071 personae
504 1028 536 1061 in
563 1027 784 1061 ecclesiastiea
810 1027 967 1069 dignitate
989 1036 1062 1058 con-

321 1081 453 1114 stitutae
489 1081 632 1121 munitis,
659 1081 771 1114 eadem
809 1091 943 1124 prorsus
981 1078 1061 1112 tides

322 1139 386 1167 tam
411 1134 444 1167 in
468 1133 591 1168 iudicio
618 1145 714 1178 quam
739 1139 828 1166 extra
845 1133 926 1167 illud
946 1133 1062 1165 habea-

324 1192 383 1227 tur,
410 1198 493 1231 quae
524 1188 604 1231 ipsis
629 1187 858 1230 praesentibus
884 1186 1062 1219 haberetur

322 1240 347 1272 si
370 1240 479 1272 forent
503 1241 667 1273 exhibitae
690 1242 739 1274 vel
762 1247 927 1273 ostensae.

366 1293 480 1326 Datum
505 1293 637 1334 Romae,
659 1294 744 1336 apud
767 1294 797 1326 S.
820 1293 946 1325 Mariam
965 1292 1062 1325 Maio-

323 1356 402 1386 rem,
431 1346 489 1379 sub
518 1347 639 1379 annulo
660 1346 845 1386 Piscatoris,
866 1346 917 1378 die
941 1356 959 1378 v
980 1346 1062 1389 apri-

323 1399 363 1432 lis
382 1409 535 1439 Mncxclv,
555 1399 764 1442 pontificatus
783 1399 883 1432 nostri
902 1409 986 1431 anno
1012 1409 1059 1432 111.

358 1460 418 1488 Dat.
436 1460 480 1488 die
501 1461 517 1487 5
537 1460 631 1497 aprilis
651 1460 729 1493 1094,
751 1460 849 1496 pontis.
867 1468 937 1487 anno
954 1467 990 1487 111.

596 1603 783 1636 LXXXVIII.

322 1683 489 1717 Statuitur
507 1689 542 1716 ut
556 1689 750 1727 procurator
771 1688 799 1716 et
819 1684 1062 1717 commissarius

367 1737 533 1779 ρεπεν-αἶρε
562 1738 706 1780 fratrum
738 1737 904 1770 Minorum
934 1738 972 1770 de
1004 1738 1062 1771 Ot-

366 1790 531 1822 servantia
556 1790 725 1832 eliyanlur
749 1791 784 1822 in
809 1791 952 1833 capitulo
969 1802 1062 1834 yene—

366 1842 434 1875 rati
458 1843 496 1875 de
519 1844 671 1876 seremzio
697 1844 733 1876 in
756 1844 945 1876 sarcientem
959 1844 979 1877 ¹.

502 1922 699 1950 Innocentius
721 1923 800 1956 Papa
821 1924 883 1955 XII,

444 1968 479 1993 ad
500 1970 676 2000 perpetuam
696 1966 741 1993 rei
762 1968 942 1994 memoriam.

369 2037 572 2070 sacrosancti
614 2039 815 2081 apostolatus
852 2039 1061 2080 sollicitudo,

326 2102 432 2134 quam,
449 2090 574 2123 meritis
599 2091 676 2124 licet
694 2096 725 2123 et
749 2090 868 2124 viribus
894 2093 988 2134 longe
1007 2092 1063 2124 im-

326 2154 431 2188 pares,
450 2149 582 2177 auctore
607 2143 682 2183 Deo,
702 2143 855 2186 gerimus,
873 2155 931 2177 nos
957 2146 1064 2177 stimu-

325 2199 371 2230 lat
400 2197 439 2230 ad
472 2207 510 2230 ea
542 2197 698 2240 peculiari
732 2197 838 2230 studio
871 2199 1062 2238 statuenda,

364 2322 375 2348 1
397 2320 490 2347 Simile
515 2323 644 2347 statutum
674 2320 789 2348 habetur
812 2329 860 2356 pro
887 2325 1063 2356 procuratore

325 2364 444 2400 generali
464 2364 676 2392 Reformatorum
697 2365 722 2391 in
739 2365 846 2392 constit.
869 2365 911 2393 ed.
932 2372 1061 2399 nmmcw,

326 2409 370 2435 die
390 2409 403 2433 7
425 2408 528 2443 aprilis,
549 2409 645 2444 pontif.
662 2415 701 2435 ιιι.
718 2409 747 2436 In
768 2413 852 2436 const.
870 2409 910 2436 ed.
932 2417 1062 2444 iuncxcui,

327 2453 369 2480 die
389 2452 423 2479 20
437 2453 578 2488 februarii,
595 2453 689 2488 pontif.
705 2460 732 2488 11,
745 2462 872 2482 concessa
886 2455 937 2481 fuit
951 2455 1064 2482 facultas

327 2497 504 2524 confirmandi
523 2497 706 2533 guardianos,
726 2503 752 2525 et
772 2499 947 2533 promovendi
968 2499 1063 2526 defini-

327 2546 400 2570 tores
411 2542 444 2568 ad
455 2541 681 2576 guardianatum;
696 2546 722 2569 et
733 2542 760 2569 in
777 2547 862 2570 const.
879 2543 922 2570 ed.
935 2551 1062 2576 Μῦς-κου’,

327 2586 371 2613 die
389 2592 415 2612 λι
435 2585 515 2619 maii,
536 2585 630 2621 pontif.
651 2593 690 2620 ιιι,
712 2586 800 2621 agitur
819 2587 852 2614 de
872 2587 1064 2615 distributione

327 2631 477 2659 officiorum
497 2630 524 2656 in
546 2631 683 2665 provincia
702 2632 730 2658 S.
752 2631 842 2659 Iacobi
862 2632 1060 2668 Hispaniarum.

431 2684 510 2712 Buzt.
527 2685 607 2714 Rom.
624 2700 658 2705 —
678 2687 736 2713 Vol.
754 2686 812 2713 XX.
958 2688 992 2715 78

1100 283 1222 326 sequiis
1247 283 1306 316 sub
1332 286 1420 317 suavi
1454 286 1620 329 religionis
1646 289 1721 331 iugo
1746 300 1836 323 man-

1100 335 1280 378 cipatorum
1305 337 1397 370 statui
1416 348 1451 371 ac
1468 340 1617 382 regimini
1644 343 1835 385 opportunis

1100 388 1283 421 rationibus
1308 391 1509 428 consulatur.

1145 441 1159 484 ξ
1184 441 1215 474 i.
1236 442 1312 475 Cum
1332 443 1441 487 itaque
1460 455 1519 478 nos
1540 456 1644 490 nuper
1668 446 1741 490 per⁴
1759 448 1837 482 alias

1101 500 1227 528 nostras
1251 495 1283 528 in
1309 497 1404 530 simili
1434 498 1536 531 forma
1561 499 1670 533 Brevis
1695 501 1837 542 litteras,

1103 553 1135 579 ut
1170 554 1364 592 procurator
1400 552 1561 593 generalis
1597 553 1838 596 provinciarum

1102 600 1360 635 Reformatorum
1381 603 1509 637 Ordinis
1527 606 1660 638 fratrum
1680 607 1838 640 Minorum

1102 655 1201 687 sancti
1227 656 1388 690 Francisci
1410 657 1447 690 de
1473 658 1699 700 Observantia,
1723 666 1754 694 et
1778 661 1839 694 Re-

1103 708 1313 742 formatorum
1331 720 1388 742 seu
1409 710 1586 745 Strictioris
1604 712 1837 748 Observantiae

1104 768 1377 805 nuncupatorum,
1398 765 1453 808 qui
1477 766 1616 799 antehac
1640 767 1678 800 dc
1697 768 1838 800 triennio

1104 814 1135 846 in
1161 815 1336 849 triennium
1369 828 1469 860 apro
1501 824 1647 862 tempore
1680 821 1837 854 existente

1104 867 1232 901 Ordinis
1252 869 1438 903 huiusmodi
1458 872 1542 914 apud
1561 878 1704 905 sanctam
1723 873 1837 906 Sedem

1105 921 1323 964 Apostolicam
1368 929 1554 967 protectore
1599 926 1837 969 deputabatur,

1105 974 1256 1018 deinceps
1282 976 1320 1009 de
1350 978 1506 1010 sexennio
1532 978 1564 1010 in
1591 980 1780 1012 sexennium
1806 980 1839 1012 in

1105 1027 1247 1070 capitulo
1281 1030 1424 1071 generali
1455 1031 1602 1064 eiusdem
1628 1031 1756 1065 Ordinis
1783 1033 1839 1066 eli-

1105 1086 1205 1123 gatur,
1232 1082 1263 1114 in
1291 1082 1425 1126 eiusque
1451 1085 1611 1118 electione
1636 1091 1745 1118 votum
1774 1086 1839 1120 sive

1082 1133 1289 1177 §suffragium
1331 1136 1447 1169 fratres
1486 1139 1612 1170 vocales
1650 1139 1839 1172 eurumdem

1104 1188 1343 1230 provinciarum
1358 1189 1615 1223 Reformatorum
1630 1191 1767 1224 familiae
1782 1192 1841 1224 cis-

1104 1246 1276 1273 montanae
1308 1242 1383 1274 dicti
1409 1242 1536 1276 Ordinis
1571 1249 1692 1276 tantum
1716 1244 1839 1277 ibidem

1105 1295 1167 1326 una
1185 1304 1254 1326 cum
1273 1294 1421 1328 ministro
1447 1297 1590 1338 generali
1612 1308 1671 1340 pro
1693 1302 1839 1341 tempore

1105 1346 1260 1379 existente
1275 1347 1401 1380 Ordinis
1419 1349 1594 1392 supradicti
1620 1350 1748 1382 insimul
1767 1361 1841 1384 con-

1104 1401 1227 1441 gregati
1253 1400 1396 1433 habeant
1421 1407 1452 1434 et
1478 1402 1593 1442 serant,
1615 1413 1651 1435 ac
1668 1403 1790 1436 habere
1810 1409 1842 1437 et

1104 1450 1190 1484 serre
1215 1453 1317 1486 libere
1343 1459 1374 1486 et
1399 1454 1486 1487 licite
1504 1454 1629 1498 possint
1653 1461 1684 1488 et
1703 1457 1840 1498 valeant,

1104 1504 1161 1536 sub
1180 1505 1276 1538 certis
1294 1507 1390 1540 modo
1408 1512 1439 1540 et
1454 1507 1556 1540 sormzi
1574 1513 1648 1541 tunc
1667 1509 1840 1552 expressis,

1104 1558 1308 1592 statuerimus
1341 1565 1372 1592 et
1396 1560 1675 1601 01·dinavcrimus;
1698 1568 1739 1603 et,
1757 1563 1842 1595 sicut

1103 1611 1297 1654 accepimus,
1324 1612 1410 1645 felici
1436 1613 1595 1646 dictorum
1621 1613 1762 1647 tiliorum
1784 1615 1841 1648 sra-

1105 1669 1184 1697 trum
1211 1665 1250 1698 de
1282 1665 1495 1699 Observantia
1520 1667 1595 1699 dicti
1621 1667 1750 1700 Ordinis
1783 1679 1841 1711 gu-

1103 1718 1217 1751 bernio
1251 1719 1457 1763 regularique
1494 1719 1623 1752 illorum
1648 1720 1840 1764 disciplinae

1104 1781 1303 1814 magnopere
1340 1771 1544 1805 co'nducibile
1577 1773 1719 1806 futurum
1743 1773 1784 1806 sit
1809 1774 1840 1807 id

1104 1824 1208 1867 ipsum
1235 1825 1340 1867 quoad
1368 1825 1497 1858 illorum
1522 1831 1765 1869 procuratorem
1787 1837 1840 1870 ge-

1105 1878 1248 1910 neralem
1264 1883 1294 1910 et
1308 1878 1562 1912 commissarium
1583 1881 1770 1923 generalem
1787 1880 1841 1914 Cu-

1105 1930 1171 1963 riae
1197 1931 1371 1972 Romanae,
1391 1932 1444 1975 qui
1463 1933 1620 1965 hactenus
1640 1933 1678 1966 de
1695 1933 1838 1967 triennio

1105 1983 1215 2016 itidem
1234 1984 1264 2016 in
1292 1985 1469 2019 triennium
1488 1997 1504 2018 a
1522 1986 1668 2019 ministro
1694 1987 1839 2029 generali

1106 2037 1312 2080 supradicto,
1339 2039 1378 2071 de
1405 2039 1612 2072 definitorum
1638 2040 1839 2082 generalium

1083 2125 1084 2128 Ἴ
1105 2089 1249 2123 eiusdem
1267 2090 1393 2123 Ordinis
1415 2092 1553 2124 consilio
1572 2097 1603 2125 et
1617 2103 1763 2134 assensu,
1783 2103 1841 2126 seu

1083 2175 1084 2180 ,
1106 2143 1192 2183 alias,
1218 2144 1340 2176 institui
1367 2149 1398 2177 et
1416 2145 1562 2188 deputari
1589 2153 1838 2188 consueverunt,

1083 2231 1084 2238 χ
1105 2197 1394 2241 parisormiterper
1414 2209 1472 2230 nos
1493 2204 1670 2231 statuatur:
1692 2200 1769 2233 hinc
1791 2207 1840 2233 est

326 2260 409 2294 quae
424 2259 583 2293 prospero
598 2249 858 2283 christifidelium
873 2250 989 2283 divinis
1007 2251 1063 2284 ob-
1082 2247 1084 2270 ³

1082 2325 1084 2332 s
1106 2303 1283 2337 visceribus
1308 2310 1465 2347 paternae
1490 2305 1632 2347 gerimus
1659 2306 1838 2348 charitatis,

1105 2250 1189 2293 quod
1215 2260 1287 2291 nos,
1318 2251 1372 2293 qui
1402 2250 1552 2284 OrdInem
1578 2252 1782 2294 praedictum
1808 2253 1839 2286 in

1105 2356 1225 2389 salubri
1258 2357 1390 2390 fratrum
1418 2358 1456 2390 de
1481 2357 1689 2391 Observantia
1715 2360 1840 2402 praefa-

1107 2415 1210 2442 torum
1237 2410 1419 2451 directioni,
1438 2416 1590 2454 quantum
1616 2423 1687 2445 cum
1704 2413 1839 2447 Domino

1105 2473 1287 2506 possumus,
1305 2463 1455 2496 similiter
1479 2465 1652 2508 providere
1678 2466 1837 2506 volentes,

1106 2520 1193 2549 motu
1227 2516 1361 2559 proprio
1377 2543 1384 2556 ,
1413 2527 1448 2549 ac
1473 2527 1509 2549 ex
1534 2520 1620 2550 certa
1645 2518 1780 2551 scientia
1809 2524 1841 2551 et

1105 2571 1229 2602 matura
1248 2570 1481 2603 deliberatione
1500 2571 1628 2611 nostris,
1645 2572 1750 2615 deque
1767 2583 1840 2616 apo-

1143 2634 1152 2659 1
1178 2631 1324 2668 praeposit.
1343 2640 1396 2668 per
1415 2641 1463 2660 nos
1484 2632 1605 2660 addimus
1625 2635 1661 2669 (R.
1683 2633 1732 2668 Τ.).

1737 234 1801 266 617
1847 242 1895 270 Αη.
1916 243 2028 272 &1694

1879 464 1957 484 Statuit
1972 467 1994 485 ut
2009 466 2029 485 in

1849 491 1941 511 rubrica.
