2227 3225
119 261 169 288 An.
191 261 219 287 C.
240 258 304 287 tw}

907 256 1115 282 ixxocnxrirs
1140 256 1185 281 ΧΠ
1208 241 1260 281 rr?

309 307 435 341 cietatis
457 306 529 340 Iesu
554 306 785 348 existentibus,
811 306 1045 351 hospitalibus,

309 360 629 404 archihospitalibus‚
655 361 751 394 etiam
776 359 883 394 Sancti
907 360 1045 404 Spiritus

309 414 342 447 in
366 413 476 454 Saxia,
515 414 848 454 confraternitatibus,
875 424 1047 448 conserva-

309 467 409 507 toriis,
428 466 574 500 domibus
591 467 664 511 piis,
683 467 779 500 etiam
804 467 906 500 almae
927 467 1046 500 Domus

306 520 517 559 Lauretanae,
540 520 685 563 capellis,
698 516 864 560 altaribus,
880 519 1045 552 montibus

307 572 403 604 ctiam
420 572 561 615 pietatis,
577 573 760 616 ceterisque
781 572 852 605 aliis
870 572 949 605 locis
969 571 1042 614 piis,

308 635 513 669 quocumque
538 626 661 668 pariter
685 626 817 658 nomine
837 625 1044 668 nuncupatis,

307 689 363 711 seu
390 679 623 718 cardinalibus,
649 688 765 711 eorum
790 677 1044 721 protectoribus,

306 731 608 775 archipresbyteris,
623 731 804 771 abbatibus,
815 730 953 772 vicariis,
963 729 1045 763 aliis-

306 795 367 828 que
388 784 704 818 administratoribus
724 784 993 828 quibuscumque,
1010 783 1043 815 in

305 837 469 881 quibusvis
495 837 598 870 causis
623 837 781 878 civilibus,
811 836 1042 876 criminalibus,

305 895 358 923 aut
381 890 489 923 mixtis
514 890 674 924 dictarum
699 889 929 929 eeclesiarum,
956 890 1044 923 loco-

306 954 374 977 rum
411 943 576 988 priorum,
609 944 826 988 aliorumque,
862 948 898 976 ut
929 954 1041 987 supra,

304 1006 431 1030 necnon
469 1006 583 1030 eorum
608 996 811 1037 officialium,
837 996 1041 1039 dignitatum,

303 1050 549 1090 canonicorum,
584 1049 865 1090 beneficiatorum,
901 1049 1044 1083 affictua-

302 1104 444 1145 riorum,
480 1104 785 1147 empliytcutarum,
826 1104 1042 1144 colonorum,

303 1157 504 1200 aliorumque
530 1157 778 1200 quomodolibet
796 1156 1041 1190 inservientium

303 1209 425 1242 eisdem
451 1210 531 1243 locis
557 1210 638 1252 piis,
665 1209 862 1253 illorumque
891 1209 985 1243 bonis
1010 1214 1041 1241 et

303 1263 430 1302 tenutis,
457 1263 582 1296 etiamsi
607 1263 775 1306 privilegia
800 1263 969 1306 praedicta
985 1273 1042 1306 ap-

300 1320 435 1358 pareant
459 1326 514 1348 seu
540 1315 662 1348 suerint
684 1326 839 1348 concessa
862 1321 952 1349 motu
968 1326 1041 1360 pro-

299 1367 380 1411 prio,
406 1368 687 1409 consistorialiter,
713 1377 768 1400 seu
790 1368 822 1401 in
839 1368 951 1401 limine
967 1369 1040 1401 sun-

299 1421 460 1461 dationis‚
487 1421 553 1454 sive
593 1431 630 1454 ex
670 1423 763 1454 causa
797 1423 962 1464 onerosa,
987 1423 1038 1455 vel

298 1484 359 1517 pro
394 1475 482 1507 bono
517 1474 652 1518 publico
677 1475 856 1518 spirituali,
882 1480 935 1508 aut
960 1480 1039 1509 tem-

297 1527 424 1570 porali,
450 1532 482 1560 et
507 1529 715 1571 quantumvis
745 1528 914 1562 extiterint
938 1530 1038 1562 semel

297 1591 334 1613 ae
357 1580 480 1624 pluries
505 1591 563 1624 per
586 1581 700 1615 Sedem
725 1582 945 1625 Apostolicam
964 1592 1039 1615 con-

295 1632 424 1666 firmata
459 1639 492 1667 et
516 1634 677 1676 innovata,
703 1646 778 1668 cum
808 1636 973 1679 quibusvis
1000 1636 1040 1668 sa-

296 1686 468 1720 cultatibus
493 1692 526 1720 et
550 1688 796 1721 auctoritatibus
824 1688 966 1731 eligendi
986 1698 1038 1722 no-

296 1739 395 1773 tarios
413 1740 475 1774 sibi
489 1741 671 1782 benevisos,
690 1753 725 1774 ac
739 1742 934 1785 providendi
953 1753 1038 1776 sum-

295 1793 412 1835 marie,
449 1794 489 1828 de
525 1796 647 1838 plano,
685 1796 755 1828 sola
790 1796 864 1829 sacti
902 1796 1036 1829 veritate

294 1845 452 1890 inspecta,
477 1847 547 1880 sine
573 1848 710 1891 strepitu
737 1854 766 1881 et
791 1848 897 1891 figura
914 1849 1035 1889 iudicii,

295 1909 394 1931 manu
410 1899 511 1942 regia,
529 1910 565 1933 ac
582 1911 787 1945 quacumque
804 1901 1036 1945 appellatione,

294 1953 546 1994 reclamatione,
570 1964 721 1995 recursu,
755 1954 935 1994 revisione,
961 1965 1036 1998 sup-

293 2005 488 2048 plicatione,
515 2017 571 2040 seu
591 2007 801 2040 restitutione
819 2008 852 2040 in
870 2007 1033 2051 integrum

293 2059 449 2100 remotis,
486 2070 544 2093 seu
581 2071 652 2094 cum
688 2061 758 2094 aliis
793 2061 951 2094 similibus
981 2067 1035 2094 aut

293 2112 473 2146 maioribus
512 2113 724 2155 facultatibus,
764 2125 800 2147 ac
837 2114 1033 2158 quibuslibet

294 2165 526 2200 efficacissimis
562 2167 716 2200 clausulis
742 2167 866 2201 munita
895 2179 1034 2201 noscan-

293 2224 354 2261 tur,
381 2219 506 2254 etiamsi
530 2220 610 2254 istae
635 2222 842 2254 continerent
867 2222 1034 2265 derogato-

293 2273 358 2306 rias
383 2273 424 2307 ad
448 2274 567 2316 sutura,
590 2285 649 2308 seu
680 2275 905 2318 derogatorias
939 2277 1033 2309 dero-

293 2327 501 2369 gatoriarum,
519 2338 575 2360 seu
594 2328 786 2361 mandarent
804 2330 947 2362 revocari
965 2340 1031 2362 non

292 2391 388 2423 posse
405 2381 468 2413 nisi
495 2382 613 2414 auditis
638 2381 735 2414 etiam
761 2382 882 2425 pluries
908 2383 1033 2416 liaben—

290 2433 375 2466 tibus
401 2434 571 2475 interesse,
598 2435 678 2467 itaut
708 2435 947 2468 constitutionis
973 2447 1033 2480 per

290 2485 499 2520 Sanctitatem
512 2488 607 2520 Suam
624 2489 881 2531 promulgandae
901 2488 1032 2522 effectus

291 2539 334 2572 sit
369 2540 455 2583 quod
491 2540 522 2573 in
561 2541 711 2574 omnibus
756 2547 787 2574 et
824 2552 884 2585 per
923 2542 1033 2575 omnia

289 2592 454 2635 praedicta
490 2593 680 2637 privilegia,
713 2594 885 2627 facultates
923 2601 954 2628 ct
985 2595 1034 2627 in-

290 2646 390 2688 dulta,
416 2658 621 2691 quocumque
649 2649 751 2689 titulo,
778 2651 883 2690 causa,
908 2650 958 2682 vel
984 2659 1033 2682 ra-

401 2712 479 2740 Buzz.
500 2713 576 2741 Rom.
595 2729 628 2733 —
650 2715 706 2741 Vol.
726 2715 783 2742 XX.
930 2715 961 2741 57

1089 305 1197 347 tione,
1223 310 1280 339 aut
1301 305 1474 339 verborum
1499 307 1712 350 amplitudine
1742 308 1827 340 edita

1087 368 1143 392 seu
1168 369 1332 400 concessa,
1358 359 1541 392 habeantur
1558 370 1594 392 ac
1612 359 1638 391 si
1660 370 1726 392 non
1743 370 1826 393 ema-

1086 418 1230 453 nassent,
1255 418 1310 446 aut
1334 422 1512 456 numquam
1538 412 1674 446 fuissent
1707 413 1827 446 confir-

1087 471 1172 499 mata
1196 467 1246 499 vel
1272 466 1435 500 innovata.

1130 519 1145 561 ἓ
1169 518 1200 551 ΕΞ.
1227 518 1315 552 Mens
1340 524 1446 552 autern
1462 529 1496 551 ac
1514 529 1628 551 sensus
1649 519 1827 563 Congrega-

1727 249 1790 283 ΜΩ
1837 259 1886 286 in.
1906 259 1933 286 e.
1950 259 2020 286 1692>

1876 530 1930 553 Qun}
1955 537 2017 550 :uru-

1837 555 1884 575 duni
1895 557 1920 576 iio
1937 563 1976 577 iani
1989 564 2019 577 iu..

1087 571 1226 614 gationis
1244 572 1302 604 suit
1319 578 1350 605 et
1367 577 1416 605 est
1433 572 1494 605 sub
1512 572 1677 615 praesenti
1695 573 1903 608 ordina-copus
1918 589 1995 604 ωυ-κ,

1088 625 1175 658 tione
1207 635 1272 658 non
1303 626 1587 669 comprehendere
1618 636 1727 659 causas
1761 626 1825 659 iarn

1086 678 1259 711 instructas
1281 689 1338 711 seu
1365 679 1444 712 alias
1462 678 1605 721 legitime
1626 684 1825 712 contestatas

1086 741 1195 764 coram
1227 732 1387 765 iudicibus
1419 732 1696 776 particularibus,
1731 733 1825 776 quive

1086 790 1270 828 propterea,
1290 787 1325 818 ea
1343 796 1406 818 non
1425 786 1585 823 obstante,
1612 790 1769 829 poterunt
1786 787 1826 819 ad

1084 839 1213 871 illarum
1234 839 1477 882 expeditionem
1503 844 1601 882 prout
1625 839 1703 871 iuris
1728 839 1827 872 suerit

1085 892 1286 934 procedere;
1315 902 1426 924 verum
1451 892 1476 924 si
1502 892 1606 924 causis
1639 891 1826 924 huiusmodi

1085 944 1245 987 expeditis
1271 944 1454 987 appellari,
1481 944 1673 983 reclamari,
1700 945 1827 988 suppli-

1085 997 1161 1037 cari,
1186 997 1336 1038 recurri,
1359 1003 1414 1031 aut
1438 997 1470 1030 in
1496 997 1659 1041 integrum
1682 999 1749 1042 peti
1774 1008 1827 1031 re-

1084 1050 1212 1084 stitutio
1237 1051 1422 1094 contingat‚
1449 1051 1686 1094 appellationes
1711 1051 1826 1084 huius-

1084 1097 1197 1144 modi',
1235 1104 1483 1137 reclamationes
1500 1131 1507 1144 ,
1543 1104 1823 1148 supplicationes,

1084 1156 1308 1189 restitutiones
1344 1155 1377 1188 in
1412 1157 1576 1199 integrum
1610 1157 1825 1190 devolvantur

1083 1209 1122 1242 ad
1147 1209 1349 1252 signaturam
1373 1209 1525 1250 iustitiae,
1549 1215 1646 1253 prout
1669 1210 1824 1253 practica-

1083 1266 1136 1294 tur
1158 1262 1191 1294 in
1217 1263 1334 1295 ceteris
1359 1263 1464 1296 causis
1491 1263 1652 1306 expeditis
1690 1275 1708 1296 a
1740 1264 1824 1297 iudi-

1082 1315 1172 1347 cibus
1210 1315 1404 1356 ordinariis,
1440 1326 1501 1348 nec
1536 1316 1675 1359 amplius
1713 1317 1823 1350 redire

1080 1367 1209 1410 possint
1232 1368 1272 1401 ad
1297 1368 1475 1401 tribunalia
1500 1369 1708 1412 antiquorum
1729 1369 1824 1413 privi-

1081 1420 1282 1463 legiatorum,
1310 1421 1375 1454 sive
1401 1421 1440 1455 ad
1471 1426 1692 1468 protectores,
1717 1422 1823 1455 archi-

1080 1475 1307 1517 presbyteros,
1334 1474 1483 1518 aliosque
1514 1480 1550 1506 ut
1585 1485 1698 1518 supra;
1724 1481 1824 1518 prout

1080 1537 1141 1559 nec
1165 1527 1261 1559 etiam
1283 1527 1315 1560 in
1342 1538 1418 1560 casu
1444 1537 1637 1560 recursuum
1655 1533 1687 1561 et
1713 1530 1824 1571 appel-

1081 1580 1238 1612 lationum
1263 1581 1295 1612 in
1320 1584 1488 1624 posterum
1506 1581 1823 1624 interponendorum

1081 1644 1099 1666 a
1133 1633 1302 1666 sententiis
1339 1639 1371 1666 et
1407 1632 1565 1667 decretis¹
1590 1634 1731 1666 iudicum
1763 1644 1823 1678 per

1081 1687 1212 1720 eosdem
1238 1687 1462 1730 privilegiatos
1499 1692 1588 1720 extra
1612 1687 1741 1721 Curiam
1767 1688 1822 1721 de-

1080 1745 1263 1782 putatorum
1279 1750 1335 1773 seu
1347 1740 1619 1784 deputandorum,
1632 1741 1821 1773 huiusmodi

1080 1803 1229 1826 recursus
1247 1798 1278 1826 et
1298 1794 1535 1837 appellationes
1548 1804 1614 1826 non
1627 1793 1765 1837 amplius
1779 1795 1820 1827 ad

1079 1847 1376 1890 supranominatos,
1415 1848 1474 1881 sed
1508 1848 1546 1880 ad
1583 1847 1706 1880 iudices
1733 1848 1822 1880 ordi·-

1079 1900 1186 1932 narios
1213 1905 1244 1932 et
1269 1905 1495 1943 competentes
1520 1900 1684 1933 Romanae
1705 1900 1820 1934 Curiae

1078 1953 1199 1986 devolvi
1226 1954 1410 1986 debeantur
1423 1953 1445 1986 ἵ.

1120 2006 1180 2051 ἓὸ.
1196 2007 1396 2040 Declarando
1413 2012 1533 2047 tamen,
1549 2008 1636 2050 quod
1651 2017 1710 2051 per
1725 2018 1819 2051 prae-

1874 2015 2011 2041 Empmnmr

1828 2047 1840 2061 ii
1851 2044 1920 2062 innulii
1931 2046 2010 2064 suitircs

1076 2066 1199 2093 sentem
1226 2061 1463 2094 ordinationem
1480 2071 1546 2094 non
1564 2066 1734 2094 censeatur
1751 2062 1818 2095 ullo
1828 2071 1976 2094 ramenta-ms.

1075 2114 1172 2147 modo
1199 2115 1351 2158 adempta
1375 2114 1607 2154 cardinalibus,
1632 2115 1819 2158 archipres-

1075 2168 1205 2211 byteris,
1221 2167 1472 2211 protectoribus,
1486 2178 1543 2201 seu
1559 2168 1753 2209 titularibus,
1767 2178 1818 2201 eo—

1075 2231 1212 2264 rumque
1246 2221 1392 2261 vicariis‚
1415 2221 1551 2264 aliisque
1577 2220 1747 2264 deputatis,
1773 2221 1818 2253 sa-

1074 2275 1174 2307 cultas
1199 2285 1254 2307 seu
1286 2273 1468 2307 iurisdictio
1490 2274 1522 2306 in
1549 2274 1599 2306 his
1625 2285 1708 2317 quae
1741 2285 1818 2307 eon-

1075 2333 1212 2360 cernunt
1236 2327 1402 2360 servitium
1427 2327 1585 2361 ecelesiae
1614 2337 1670 2360 seu
1690 2327 1753 2360 loci
1771 2327 1817 2371 pii

1074 2381 1159 2414 circa
1185 2381 1393 2424 disciplinam
1419 2381 1673 2414 ecclesiasticam
1691 2385 1724 2413 et
1748 2391 1817 2414 mo-

1073 2446 1144 2467 rum
1170 2434 1406 2468 correctionem
1424 2436 1595 2474 dumtaxat,
1613 2439 1712 2477 prout
1728 2434 1816 2477 quod

1073 2499 1180 2531 neque
1206 2489 1266 2522 sub
1292 2489 1403 2522 eadem
1431 2488 1639 2521 ordinatione
1668 2498 1818 2531 compre-

1074 2542 1178 2575 hensa
1207 2542 1271 2575 sint
1304 2542 1480 2574 tribunalia
1505 2541 1655 2574 Gamerae
1681 2542 1816 2584 Aposto-

1111 2616 1121 2640 1
1145 2613 1215 2640 Edit,
1237 2613 1320 2640 Main.
1343 2612 1407 2648 legit
1428 2613 1536 2640 decreti
1554 2614 1596 2647 (n.
1612 2613 1661 2646 T.)‚

1109 2658 1125 2684 2
1146 2658 1216 2684 Edit.
1238 2657 1315 2684 Main.
1339 2657 1401 2693 legit
1422 2658 1559 2684 debeam·
1581 2655 1676 2691 (min).
