2254 3225
252 219 299 244 An.
316 218 346 245 c.
370 218 435 244 1602
481 210 545 243 486

322 1386 435 1412 ”erogatio

254 1417 414 1435 contrariorum.
465 1428 470 1432 -

443 267 504 299 tiae
529 268 709 301 remedium
749 269 902 303 intentari
935 269 984 303 vel
1012 269 1176 313 impetrari

442 322 629 354 nullatenus
647 333 752 365 posse,
775 324 830 356 sed
858 334 988 367 semper
1012 328 1043 356 et
1067 333 1178 366 perpe-

443 379 498 406 tuo
523 374 644 408 validas
660 403 667 416 ,
686 375 791 408 firmas
817 382 848 409 et
873 377 1017 410 efficaces
1039 376 1177 409 existere

444 432 476 459 et
500 427 584 467 sore,
619 439 760 472 suosque
786 430 950 472 plenarios
975 435 1007 462 et.
1031 429 1177 471 integros

444 479 578 513 effectus
610 481 716 514 sortiri
750 488 781 514 et
805 482 953 515 obtinere
979 482 1099 515 debere
1115 507 1122 521 ‚
1147 485 1179 514 et

444 533 483 565 ab
500 533 661 573 omnibus,
680 533 717 566 ad
736 545 816 577 quos
834 539 958 577 spectat
973 539 1004 567 et
1020 545 1079 577 pro
1100 539 1180 566 tem-

444 596 523 628 pore
542 587 808 629 quandocumque
827 592 857 619 et
875 587 1179 630 quomodocumque

444 638 614 680 spectabit,
630 638 860 672 inviolabiliter
878 639 1053 680 observari,
1065 640 1177 682 sicque

445 696 475 721 et
501 700 565 723 non
591 690 686 723 aliter
709 701 768 734 per
799 702 1020 735 quoscumque
1056 692 1178 724 iudices

445 742 626 775 ordinarios
647 748 679 776 et
696 744 881 786 delegatos,
907 745 1021 788 quavis
1036 744 1176 777 auctori·

446 800 528 835 tate,
554 795 812 838 praeeminentia
838 803 891 829 ant
916 802 1077 840 potestate
1110 797 1180 829 sun-

444 853 558 890 gentes
593 854 624 881 et
655 849 843 889 rancun-os,
878 851 973 883 etiam
1009 860 1179 883 causarum

445 901 556 942 palatii
588 902 759 945 apostolici
791 903 980 944 auditores,
1010 909 1043 937 et
1075 904 1180 936 dictae

445 953 476 986 S.
497 953 534 986 R.
552 954 586 986 E.
614 955 808 995 cardinales,
827 956 922 988 etiam
948 956 987 989 de
1008 957 1108 990 latere
1134 957 1181 989 le-

446 1011 557 1048 gatos,
591 1008 718 1040 sublata
755 1008 801 1040 eis
835 1014 867 1040 et
899 1019 1015 1041 eorum
1047 1009 1182 1042 cuilibet

447 1059 558 1101 quavis
577 1059 674 1092 aliter
699 1060 864 1093 iudicandi
890 1067 921 1094 et
945 1061 1180 1105 interpretandi

447 1112 598 1144 facultate
626 1117 658 1144 et
682 1113 889 1153 auctoritate,
914 1114 1048 1147 iudicari
1074 1120 1106 1148 et
1129 1114 1183 1147 de-

447 1164 532 1196 finiri
563 1165 695 1205 debere,
722 1165 848 1198 irritum
871 1177 1001 1210 quoque
1027 1173 1058 1200 et
1075 1167 1180 1208 inane,

447 1217 473 1249 si
499 1228 589 1250 secus
614 1228 714 1262 super
746 1218 796 1251 his
822 1230 838 1251 a
864 1230 1043 1263 quoquarxi,
1071 1220 1182 1264 quavis

448 1270 647 1309 auctoritate,
666 1271 810 1304 scienter
823 1273 872 1305 vel
891 1272 1090 1316 ignoranter,
1111 1283 1185 1307 con-

448 1322 556 1365 tigerit
575 1324 740 1356 attentari.

491 1376 516 1418 ξ.
544 1375 597 1408 525.
625 1375 694 1409 Non
732 1377 932 1411 obstantibus
966 1380 1117 1413 omnibus
1153 1383 1185 1413 et

446 1428 584 1470 singulis
598 1430 795 1471 praemissis,
809 1437 848 1471 et,
861 1436 1022 1474 quatenus
1037 1443 1118 1476 opus
1132 1433 1183 1474 sit,

447 1483 555 1513 nostra
569 1486 601 1513 et
617 1480 833 1516 Cancellariae
853 1485 1057 1526 Apostolicae
1072 1487 1185 1528 regula

447 1533 486 1565 de
511 1533 581 1566 iure
608 1534 756 1576 quaesito
781 1546 846 1568 non
874 1538 1029 1577 tollendo,
1056 1548 1183 1571 necnon

447 1586 584 1628 praefati
610 1586 656 1618 Pii
679 1587 703 1619 ll
729 1589 991 1630 praedecessoris
1012 1590 1051 1624 de
1077 1592 1186 1633 quale-

447 1648 583 1681 cumque
620 1639 776 1673 interesse
802 1641 952 1675 Camerae
977 1643 1184 1685 Apostolicae

447 1691 719 1724 concernentibus
754 1693 785 1725 in
823 1694 908 1727 dicta
941 1694 1075 1728 Camera
1099 1696 1184 1728 intra

446 1749 568 1776 certum
593 1744 672 1776 inibi
698 1746 931 1789 praescriptum
948 1752 1074 1790 tempus
1091 1758 1185 1791 prae-

445 1797 611 1830 sentandis
638 1803 669 1830 et
696 1798 924 1841 registrandis,
959 1810 1086 1833 necnon
1114 1801 1184 1834 aliis

446 1849 706 1893 quibuscumque
728 1852 915 1893 apostolicis
941 1864 978 1886 ac
998 1853 1028 1885 in
1048 1864 1184 1895 genera-

446 1903 530 1936 libus
556 1903 702 1936 conciliis
727 1904 823 1937 editis
849 1910 880 1938 et
905 1905 1040 1938 edendis
1067 1908 1186 1940 consti-

447 1956 623 1989 tutionibus
649 1963 681 1990 et
705 1957 973 1999 ordinationibus,
990 1970 1026 1992 ae
1039 1959 1134 1992 Urbis
1153 1966 1185 1993 et

445 2008 558 2042 Curiae
580 2009 742 2043 Romanae
761 2017 791 2043 et
809 2011 961 2045 Gamerae
976 2012 1184 2055 Apostolicae

446 2062 657 2105 eiusdemque
694 2062 809 2096 Curiae
843 2064 1072 2106 tribunalium,
1107 2077 1185 2109 qua-

445 2125 660 2158 rumcumque
686 2116 907 2157 ecclesiarum,
929 2117 1025 2150 etiam
1043 2119 1183 2161 patriar-

445 2169 588 2201 chalium
613 2168 644 2201 S.
672 2169 801 2202 Ioannis
826 2170 858 2202 in
884 2171 1042 2204 Laterano
1059 2198 1066 2211 ‚
1093 2172 1184 2204 Prin-

445 2221 526 2264 cipis
552 2222 783 2264 Apostolorum
803 2229 833 2255 et
849 2223 880 2256 S.
905 2224 1023 2257 Mariae
1040 2224 1181 2265 iunioris,

443 2274 735 2316 monasteriorum,
774 2276 1004 2320 hospitalium,
1039 2278 1183 2311 locorum

444 2327 584 2372 piorum,
609 2338 735 2361 necnon
760 2328 931 2369 Ordinam,
956 2331 1185 2374 congregatio-

443 2390 522 2414 num
548 2386 580 2413 et
604 2380 803 2421 societatum,
830 2382 925 2414 etiam
950 2382 1030 2423 Iesu,
1056 2388 1089 2417 et
1114 2383 1184 2427 qui-

443 2432 551 2466 busvis
577 2433 665 2472 aliis,
691 2434 786 2466 etiam
826 2434 1006 2469 iuramento
1041 2437 1092 2469 vel
1123 2437 1184 2469 alia

444 2486 557 2529 quavis
581 2485 731 2519 firmitate
758 2486 929 2528 roboratis,
954 2489 1092 2530 statutis,
1119 2489 1185 2522 usi-

443 2538 512 2577 bus,
538 2538 639 2582 stleS,
666 2539 957 2572 consuctudinibus
983 2545 1014 2572 et
1029 2541 1184 2581 decretis,

444 2591 538 2625 etiam
566 2591 654 2624 novis
674 2591 958 2625 reformationibus
979 2593 1184 2636 quibuscum-

1084 2642 1097 2652 ι,

1018 221 1197 244 ΒῚῚᾸΛΠΙῊΜ
1222 220 1376 244 ΠΟΜΛΝΠΜ

1220 279 1302 311 que,
1329 267 1455 311 legibus
1489 273 1520 301 et
1544 269 1744 308 canonibus,
1775 268 1953 311 privilegiis

1220 331 1359 364 quoque,
1389 321 1523 353 indultis
1547 326 1578 353 et
1606 321 1724 354 litteris
1748 321 1950 364 apostolicis,

1220 373 1278 406 snb
1289 373 1545 417 quibuscumque
1555 374 1726 406 verborum
1742 374 1911 407 tenoribus
1922 379 1954 406 et

1222 426 1342 466 t'orinis,
1363 431 1395 459 et
1419 437 1491 459 cum
1517 426 1683 469 quibusvis
1701 427 1795 460 etiam
1822 427 1954 469 deroga-

1223 478 1376 510 toriarum
1397 478 1621 520 derogatoriis,
1639 479 1776 522 aliisque
1795 480 1954 512 efficacio-

1221 530 1320 570 ribus,
1343 530 1572 563 esficacissimis
1594 536 1626 563 et
1650 531 1786 564 insolitis
1804 532 1954 565 clausulis

1221 587 1252 614 et
1283 582 1442 623 decretis,
1476 583 1509 615 in
1534 593 1653 625 genere
1688 584 1737 616 vel
1763 584 1795 616 in
1826 585 1951 626 specie,

1222 635 1315 667 etiam
1341 641 1448 675 motu,
1475 635 1608 668 scientia
1633 641 1664 669 et
1692 637 1862 680 potestatis
1885 638 1954 680 ple-

1221 688 1367 721 nitudine
1393 688 1560 727 similibus,
1578 690 1627 722 vel
1649 690 1687 722 ad
1706 690 1892 732 quorumvis
1909 690 1955 723 in-

1221 741 1389 779 stantiam,
1419 753 1453 773 ac
1478 742 1573 774 etlam
1599 742 1877 783 consistorialiter,
1902 748 1955 776 aut

1221 794 1299 827 alias
1325 795 1570 837 qutmodolibet
1590 806 1648 838 per
1664 804 1722 829 nos
1747 802 1778 829 et
1795 797 1956 830 Romanos

1221 847 1394 879 Pontifices
1407 848 1678 890 pi·a‹.=decessores
1695 855 1823 882 nostros
1839 849 1869 882 in
1884 860 1958 882 con-

1222 900 1355 932 trarium
1381 901 1569 933 eorumdem
1599 901 1852 943 praemissorum
1878 912 1956 935 con-

1223 953 1340 992 cessis,
1367 963 1404 985 ae
1426 953 1520 985 etiam
1538 953 1658 995 pluries
1679 953 1884 993 confirmatis,
1910 954 1957 986 in-

1223 1005 1347 1038 novatis
1372 1010 1404 1038 et
1428 1005 1633 1048 approbatis,
1665 1006 1782 1049 quibus
1808 1007 1956 1040 omnibus

1224 1063 1255 1091 et
1279 1057 1432 1100 singulis,
1457 1058 1580 1091 etiamsi
1614 1069 1672 1101 pro
1708 1059 1839 1092 illorum
1869 1059 1957 1093 sussi-

1225 1110 1322 1144 cienti
1359 1111 1572 1153 derogatione
1605 1112 1644 1144 de
1679 1111 1743 1144 illis
1778 1119 1956 1156 eorumque

1225 1163 1297 1196 totis
1322 1164 1489 1197 tenoribus
1515 1163 1675 1206 specialis,
1700 1164 1858 1207 specifica,
1879 1165 1958 1198 indi-

1225 1216 1328 1256 vidua,
1355 1226 1392 1249 ac
1416 1217 1454 1249 dc
1478 1217 1576 1249 verbo
1600 1217 1639 1250 ad
1664 1218 1807 1257 verbum,
1824 1228 1885 1250 non
1904 1228 1958 1250 au·

1226 1273 1289 1302 tem
1319 1279 1377 1312 per
1407 1270 1567 1302 clausulas
1600 1271 1768 1312 generales
1792 1271 1877 1303 idem
1903 1271 1958 1304 im-

1226 1326 1412 1364 portantes,
1438 1322 1560 1355 mentio
1586 1333 1642 1355 seu
1671 1322 1798 1365 quaevis
1822 1323 1882 1356 alia
1906 1334 1959 1356 ex-

1227 1375 1351 1417 pressio
1365 1375 1522 1414 habenda,
1539 1381 1593 1407 aut
1607 1376 1714 1419 aliqua
1728 1377 1789 1408 alia
1803 1376 1959 1419 exquisita

1227 1427 1327 1460 fornia
1362 1428 1401 1460 ad
1431 1428 1493 1461 hoc
1525 1428 1679 1460 servanda
1708 1429 1805 1469 soret,
1830 1435 1958 1462 tenores

1227 1480 1423 1520 huiusmodi,
1448 1491 1483 1513 ac
1508 1481 1534 1513 si
1562 1481 1600 1514 de
1626 1482 1723 1514 verbo
1750 1482 1788 1514 ad
1815 1482 1957 1522 verbum,

1227 1533 1308 1565 nibil
1339 1533 1466 1576 penitus
1500 1533 1629 1573 omisso,
1654 1539 1685 1566 et.
1710 1535 1811 1567 forma
1836 1535 1867 1566 in
1893 1535 1958 1567 illis

1227 1585 1341 1618 tradita
1366 1587 1546 1626 observata,
1571 1586 1831 1631 exprimerentur
1856 1593 1888 1620 et
1911 1588 1959 1620 in-

1227 1644 1426 1677 sererentur,
1451 1639 1562 1672 iisdcm
1577 1641 1802 1682 praesentibus
1819 1651 1877 1684 pro
1892 1642 1960 1684 ple-

1227 1702 1267 1724 ne
1293 1697 1323 1724 et
1354 1691 1554 1724 sufficienter
1586 1694 1747 1736 expressis
1772 1704 1808 1726 ac
1832 1694 1960 1727 insertis

1227 1744 1398 1785 habentes,
1425 1744 1489 1777 illis
1513 1745 1591 1777 alias
1617 1745 1648 1777 in
1673 1756 1730 1779 suo
1751 1745 1870 1779 robore
1887 1756 1958 1789 per-

1226 1797 1393 1838 mansuris,
1412 1798 1452 1831 ad
1472 1798 1726 1840 praemissorum
1744 1798 1960 1839 effectumba-

1228 1861 1296 1882 rum
1322 1850 1416 1890 serie,
1432 1850 1618 1892 specialiter
1634 1856 1666 1883 et
1685 1861 1846 1894 expresse,
1862 1857 1960 1894 motu,

1227 1903 1372 1944 scientia,
1399 1903 1635 1936 deliberatione
1661 1909 1691 1936 et
1708 1904 1874 1946 potestatis
1893 1905 1961 1947 ple-

1227 1956 1373 1989 nitudine
1398 1955 1546 1998 paribus,
1565 1956 1750 1999 specialiter
1767 1962 1960 2000 etexpresse

1228 2010 1431 2051 derogamus,
1455 2014 1486 2041 et
1505 2009 1692 2051 derogatum
1717 2019 1786 2042 esse
1813 2011 1961 2043 volumus

1228 2067 1259 2094 et
1279 2062 1482 2101 mandamus,
1498 2071 1624 2094 necnon
1639 2063 1788 2095 omnibus
1801 2062 1864 2095 illis
1881 2073 1960 2105 quae

1227 2115 1327 2148 iidem
1353 2114 1622 2157 praedecessores
1643 2115 1743 2147 nostri
1765 2115 1796 2147 in
1812 2116 1962 2158 praemis-

1227 2168 1270 2201 sis
1296 2168 1554 2211 quibuscumque
1579 2177 1690 2200 eorum
1714 2167 1829 2201 litteris
1850 2174 1882 2201 et
1898 2168 1963 2201 chi-

1226 2219 1401 2263 rographis
1423 2220 1594 2253 voluerunt
1618 2230 1684 2252 non
1706 2219 1854 2261 obstate,
1876 2227 1962 2254 cete-

1226 2273 1337 2316 risque
1362 2273 1531 2306 contrariis
1562 2273 1827 2316 quibuscumque.

1270 2328 1285 2371 g
1310 2326 1363 2359 96.
1389 2326 1541 2359 Volumus
1560 2332 1664 2359 autem
1683 2327 1769 2370 quod
1787 2333 1960 2371 postquam

1226 2385 1416 2424 praesentes
1440 2381 1538 2413 valvis
1559 2379 1716 2412 ecclesiae
1738 2380 1962 2414 Lateranensis

1227 2438 1258 2467 et
1281 2434 1435 2466 basilicae
1460 2433 1617 2476 Principis
1642 2434 1864 2475 apostolorum
1881 2440 1912 2467 et
1928 2434 1961 2467 in

1227 2487 1294 2520 acie
1320 2486 1532 2530 Campissorae
1558 2486 1597 2518 de
1624 2485 1709 2519 Urbe
1735 2497 1795 2529 per
1816 2487 1960 2530 aliquem

1228 2551 1263 2573 ex
1290 2539 1412 2572 nostris
1446 2539 1630 2572 cursoribus
1663 2539 1775 2572 affixae
1801 2544 1833 2572 et
1855 2539 1963 2584 publi—

1228 2599 1315 2626 catae
1343 2592 1469 2633 suerint,
1485 2602 1597 2626 omnes
1624 2597 1655 2625 et
1675 2593 1831 2636 singulos,
1853 2598 1915 2625 tam
1930 2593 1962 2626 in

1958 221 2005 248 Λη.
2028 221 2056 248 C.
2079 221 2145 247 ¹099

2022 2335 2082 2355 tsi-tu«
2099 2338 2154 2356 tran-

1938 2381 1943 2386 ,
1971 2367 2107 2387 Stltuptuium·
