2254 3225
220 235 273 264 An.
288 236 316 261 G.
340 235 406 262 1692
452 227 516 260 604

413 284 568 318 totidem¹
598 285 715 329 puellis
751 285 982 319 conservatorii
1012 285 1145 329 praefati

412 347 497 371 nunc
510 344 542 372 et
554 349 612 382 pro
626 344 768 382 tempore
783 339 994 372 existentibus
1009 338 1146 381 (etiarnsi

412 389 520 424 forsan
553 391 638 424 iuxta
670 392 805 425 formam
836 398 868 425 ct
899 391 1146 436 dispositionem

413 454 692 488 quorumcumque
718 450 980 478 testamentorum
1002 444 1146 477 aliarum-

413 506 475 539 que
488 497 674 530 ultimarum
691 499 904 538 voluntatum,
922 508 958 530 ac
975 502 1038 529 tam
1055 497 1147 529 causa

411 549 538 590 mortis,
565 561 660 593 quam
685 550 768 583 inter
792 551 880 583 vivos
898 548 1147 593 dispositionum

413 606 444 634 et
467 603 720 643 ordinationum,
747 608 940 636 statutorum
965 611 1095 645 quoque
1112 611 1149 633 ac

413 655 684 688 consuetudinum
721 660 753 688 et
784 666 901 689 usuum
939 649 1169 698 quorumvis,l

412 707 614 750 qualificatae
647 719 715 741 non
747 708 832 752 sint)
864 720 881 741 a
913 708 1041 741 dilectis
1072 706 1147 739 filiis

411 760 579 793 modernis
605 771 662 793 seu
682 771 741 804 pro
763 766 910 804 tempore
936 760 1147 794 existentibus
1169 752 1170 789 l

412 813 810 848 archiconfraternitatum
833 814 1019 848 huiusmodi
1041 814 1147 847 admi-

412 983 450 1006 ea
465 983 519 1006 res
537 978 663 1017 spectat
683 979 715 1007 et
732 985 792 1018 pro
811 979 957 1018 tempore
976 974 1147 1017 spectabit,

412 1027 451 1060 ad
470 1026 619 1060 effectum
639 1027 837 1061 matrimonii
858 1028 906 1060 vel
924 1027 1148 1067 monachatus,

411 1079 543 1113 realiter
568 1085 599 1113 et
623 1091 694 1112 cum
720 1080 834 1113 effectu
855 1080 1016 1124 praestari
1042 1086 1074 1113 et
1101 1091 1150 1112 as-

411 1133 532 1176 signari
569 1133 733 1174 debeant,
774 1139 887 1166 tenore
927 1134 1149 1177 praesentium

411 1186 632 1229 praecipimus
659 1192 691 1219 et
714 1187 916 1219 mandamus.
936 1187 979 1219 Ita
999 1186 1151 1219 videlicet

411 1243 448 1271 ut
471 1245 609 1283 quatuor
628 1240 772 1272 subsidia
792 1240 993 1280 huiusmodi,
1011 1250 1149 1282 quorum

413 1292 477 1325 duo
501 1292 566 1324 sint
583 1292 828 1336 quinquaginta,
850 1292 976 1335 reliqua
988 1302 1064 1325 vcro
1085 1292 1148 1325 duo

412 1345 479 1377 sint
503 1345 719 1388 quadraginta
743 1350 908 1377 scutorum
933 1351 1080 1378 monetae
1099 1356 1151 1378 ro-

412 1408 526 1430 manae
547 1408 607 1441 pro
634 1398 793 1440 quolibet,
818 1398 857 1430 ab
882 1397 1151 1430 arcliiconfrater-

413 1451 514 1484 nitate
533 1451 800 1484 Annunciationis
824 1452 936 1483 beatae
954 1451 1070 1484 Mariae
1086 1451 1150 1483 vir-

413 1504 497 1546 ginis
516 1504 548 1536 in
562 1503 701 1536 ecclesia
718 1504 863 1537 eiusdem
877 1504 907 1536 S.
923 1504 1040 1537 Mariae
1055 1515 1150 1548 super

412 1557 587 1590 Minervam
605 1557 643 1589 de
657 1557 741 1590 Urbe
766 1558 909 1601 praefata
927 1558 1081 1591 canonice
1107 1559 1150 1590 in-

412 1610 522 1642 stituta
543 1611 594 1654 (ea
615 1616 722 1644 tamen
739 1612 811 1653 lege
837 1616 871 1643 ut
891 1611 923 1643 in
942 1611 992 1643 liis
1014 1617 1149 1654 quatuor

412 1664 566 1697 subsidiis
591 1674 689 1696 unum
716 1664 896 1697 subsidium
921 1665 1042 1705 dotale,
1062 1666 1149 1708 quod

412 1717 484 1761 ipsa
508 1717 855 1750 arcliiconfraternitas
883 1718 938 1749 uni
964 1728 1001 1750 cx
1029 1718 1149 1761 puellis

412 1770 647 1803 conservatorii
661 1770 846 1803 huiusmodi
860 1770 1035 1813 quotannis
1045 1781 1150 1813 praes-

413 1828 479 1856 tare
497 1823 676 1864 consuevit,
702 1823 974 1866 comprehensum
992 1824 1151 1866 intelliga-

413 1881 474 1917 tur,
493 1877 629 1916 etitaut,
647 1876 673 1908 si
692 1887 834 1920 unquam
852 1882 985 1919 propter
1002 1877 1150 1910 conside—

413 1929 548 1962 rabilem
586 1929 730 1962 eiusdem
777 1929 1148 1963 arcliiconsraternitatis

412 1983 597 2016 reddituum
615 1982 865 2015 diminutionem
882 1988 989 2015 cetera
1007 1984 1149 2016 subsidia

413 2037 554 2076 dotalia,
582 2047 663 2080 quae
693 2037 778 2069 dicta
805 2037 1147 2070 arcliicoufraternitas

413 2089 485 2122 aliis
510 2083 629 2133 puellis
661 2089 856 2123 distribuere
888 2091 986 2129 solet,
1011 2090 1147 2123 diminui

413 2142 597 2184 contigerit,
616 2142 686 2185 pari
702 2143 797 2175 modo
817 2143 901 2175 dicta
919 2148 1060 2186 quatuor
1074 2144 1149 2176 sub-

413 2195 505 2235 sidia,
517 2197 602 2227 salvo
617 2201 724 2228 tamen
740 2206 869 2238 semper
883 2207 995 2228 eorum
1010 2207 1147 2230 numero

412 2248 593 2291 praedicto,
623 2248 758 2281 diminui
788 2249 961 2291 debeant);
992 2251 1054 2283 alia
1087 2251 1147 2283 tria

413 2301 569 2341 subsidia,
595 2312 732 2344 quorum
757 2304 1015 2346 unumquodque
1041 2304 1082 2337 sit
1107 2305 1148 2337 vi-

413 2355 492 2397 ginti
515 2354 657 2397 quinque
683 2359 847 2388 scutorum
877 2357 1015 2399 parium,
1032 2368 1049 2389 a
1069 2368 1147 2390 con-

412 2407 615 2441 fraternitate
628 2407 680 2440 SS.
697 2408 820 2441 Rosarii
836 2409 866 2440 in
882 2410 1016 2442 ecclesia
1034 2421 1147 2453 supra-

413 2461 497 2493 dicta
521 2461 675 2493 canonice
706 2461 856 2493 similiter
886 2461 1144 2501 institiita‚:1li11d

410 2514 525 2547 itidem
551 2513 731 2546 subsidium
753 2513 1012 2558 vigintiquinque
1040 2522 1146 2548 scuto-

411 2578 483 2600 rum
501 2567 654 2599 similium
673 2577 690 2599 a
703 2567 969 2599 confraternitate
988 2568 1018 2599 S.
1035 2568 1146 2601 Hiero-

446 2631 458 2657 1
481 2629 550 2657 Edit.
568 2628 645 2656 Maiu.
662 2628 727 2663 legit
743 2628 915 2662 totidemque
935 2629 973 2663 (tt.
990 2630 1038 2662 T.).

990 235 1167 262 BULLARIUM
1190 235 1342 261 ROMANUM

1188 285 1272 329 nyini
1292 284 1465 318 Cliaritatis
1484 285 1522 318 de
1541 284 1652 318 eadem
1669 284 1773 326 Urbe;
1793 284 1918 328 reliqua

1189 339 1317 371 demum
1343 339 1406 371 duo
1434 338 1599 379 subsidia,
1627 349 1762 382 quorum
1791 338 1919 381 singula

1188 392 1252 424 sint
1269 391 1548 435 trigintaquinque
1565 398 1731 425 scutorum
1746 397 1777 425 et
1797 392 1919 435 viginti-

1189 445 1333 487 quinque
1357 444 1562 477 baioccorum
1588 445 1733 478 eiusdem
1757 451 1919 486 monetae,

1190 507 1225 529 ex
1245 497 1283 529 iis
1308 508 1387 540 quae
1413 508 1430 530 a
1455 498 1619 540 quondam
1643 498 1833 531 Bernardini
1861 498 1921 531 Ru-

1189 549 1260 581 stici
1282 549 1469 583 Castellani¹
1487 551 1600 584 relicta
1617 550 1753 591 fuerunt,
1773 561 1920 594 quaeque

1189 613 1206 635 a
1231 602 1283 636 SS.
1310 603 1482 637 Salvatoris
1515 605 1553 637 ad
1584 604 1699 637 Sancta
1730 604 1922 638 Sanctorum

1189 665 1250 698 pro
1274 655 1448 689 medietate
1474 668 1510 689 ac
1535 656 1717 690 Confalonis
1742 658 1921 700 respective

1190 708 1602 742 areliiconfraternitatibus
1627 720 1683 743 seu
1708 707 1923 743 confraterni-

1191 761 1309 794 tatibus
1334 762 1456 805 pariter
1481 762 1520 795 de
1540 762 1624 796 Urbe
1650 773 1709 806 pro
1728 763 1790 796 alia
1806 764 1924 797 medie-

1169 850 1170 858 ,
1191 819 1254 846 tate
1279 815 1523 857 dispensantur,
1554 826 1653 848 unum
1686 816 1812 850 scilicet
1836 827 1852 849 a
1878 817 1923 850 di-

410 866 656 908 nistratoribus,
682 868 877 902 officialibus
904 879 959 902 seu
991 867 1148 900 ministris
1169 886 1170 894 i

411 930 615 964 quocumque
636 921 766 955 nomine
785 921 993 965 nuncupatis,
1007 922 1046 954 ad
1066 931 1147 964 quos
1169 948 1170 952 ,

1190 867 1281 900 lectis
1300 867 1396 900 etiam
1416 868 1490 901 tiliis
1511 868 1677 902 modernis
1695 879 1752 902 seu
1769 880 1831 913 pro
1849 875 1924 903 tem·

1190 931 1270 963 pore
1302 920 1516 954 existentibus
1549 922 1735 963 guardianis
1761 928 1793 956 et
1817 933 1923 957 came-

1191 972 1275 1006 rario
1298 973 1443 1006 eiusdem
1469 974 1841 1009 arcliiconfraternitatis
1866 987 1923 1009 seu

1191 1026 1464 1059 confraternitatis
1489 1026 1542 1060 SS.
1562 1027 1747 1068 Salvatoris‚
1769 1029 1832 1063 alia
1848 1040 1924 1063 vero

1192 1090 1209 1112 a
1233 1079 1317 1112 dicta
1350 1080 1710 1114 archiconfraternitate
1735 1081 1924 1115 Confalonis

1192 1133 1372 1175 respective
1402 1138 1612 1176 praestentur
1643 1139 1675 1166 et
1703 1135 1923 1177 assignentur.

1235 1185 1249 1227 ἓ
1274 1184 1304 1217 ⁶2.
1333 1185 1432 1218 Porro
1459 1186 1569 1219 decem
1596 1186 1813 1220 subsidiorum
1840 1189 1926 1221 dota-

1191 1237 1269 1270 lium
1294 1238 1481 1272 huiusmodi
1506 1239 1681 1282 praestatio
1702 1245 1733 1273 et
1750 1241 1926 1284 assignatio

1192 1291 1235 1323 ita
1259 1291 1329 1324 fieri
1354 1292 1480 1333 debeat„
1505 1298 1540 1324 ut
1564 1293 1675 1326 decem
1701 1295 1829 1337 puellae
1848 1295 1927 1328 dicti

1192 1344 1423 1377 conservatorii
1449 1345 1542 1377 anuis
1569 1345 1706 1387 singulis
1732 1347 1771 1379 ad
1797 1347 1864 1387 illa,
1885 1348 1927 1381 si-

1191 1403 1244 1430 cut
1257 1397 1486 1441 praemittitur,
1506 1399 1723 1433 admittendae
1741 1401 1927 1434 nullatenus

1192 1462 1209 1483 a
1221 1451 1406 1484 memoratis
1420 1452 1607 1484 earumdem
1622 1452 1928 1486 archiconfraterni-

1193 1510 1290 1536 tatum
1309 1503 1636 1544 administratoriluis,
1656 1505 1847 1538 officialibus
1868 1517 1928 1539 seu

1191 1557 1350 1590 ministris
1370 1557 1543 1590 visitentur
1557 1563 1588 1590 et
1606 1559 1777 1601 eligantur,
1796 1569 1853 1592 seu
1870 1570 1928 1593 no-

1191 1611 1375 1652 minentur,
1402 1611 1457 1644 sed
1483 1611 1613 1644 illarum
1638 1612 1763 1652 electio,
1788 1623 1844 1645 seu
1869 1612 1928 1646 no-

1191 1664 1334 1704 minatio,
1360 1674 1395 1696 ac
1420 1664 1604 1696 omnimoda
1629 1665 1667 1697 de
1693 1665 1804 1698 decem
1823 1666 1925 1699 subsi-

1192 1717 1252 1749 diis
1279 1717 1439 1749 dotalibus
1464 1716 1652 1750 huiusmodi
1671 1717 1866 1760 disponendi
1884 1719 1928 1752 sa-

1192 1771 1318 1810 cultas,
1356 1770 1395 1802 ad
1422 1770 1558 1803 dilectos
1588 1769 1713 1813 pariter
1743 1771 1826 1805 silios
1857 1782 1927 1805 mo—

1192 1824 1313 1856 dernos
1356 1833 1412 1856 seu
1451 1834 1511 1866 pro
1556 1829 1703 1867 tempore
1750 1825 1925 1859 existentes

1192 1878 1364 1921 deputatos
1391 1877 1537 1910 eiusdem
1563 1874 1796 1910 consem‘iatorii
1831 1879 1926 1922 (quo-

1192 1942 1262 1964 rum
1288 1931 1349 1964 erit
1374 1941 1427 1963 eas
1451 1931 1577 1973 puellas
1602 1931 1722 1973 eligere
1743 1941 1800 1964 seu
1824 1933 1927 1965 nomi-

1191 1994 1281 2024 nare,
1310 1993 1392 2026 quae
1416 1983 1499 2016 vitae
1525 1993 1561 2015 ac
1585 1993 1707 2016 morum
1733 1984 1903 2018 honestate
1918 2012 1926 2026 ,

1191 2036 1360 2075 modestia,
1387 2040 1502 2074 aetate,
1529 2035 1630 2068 aliave
1659 2035 1784 2069 ratione
1809 2037 1925 2070 ceteris

1191 2090 1399 2131 antecellant)
1418 2088 1547 2131 penitus
1573 2088 1752 2131 pertineat;
1771 2089 1825 2121 ubi
1851 2099 1924 2127 vero

1191 2143 1228 2175 ab
1253 2142 1291 2174 iis
1317 2141 1433 2174 electio
1451 2152 1506 2173 seu
1525 2141 1706 2174 nominatio
1727 2141 1924 2183 huiusmodi,

1191 2200 1225 2227 ut
1238 2194 1430 2238 praefertur,
1446 2194 1527 2225 sacta
1546 2193 1650 2232 fucrit,
1669 2193 1801 2227 cedulae
1822 2193 1926 2227 subsi-

1190 2248 1316 2281 diorum
1353 2246 1539 2278 huiusmodi
1564 2246 1794 2288 promissoriae
1810 2273 1817 2287 ‚
1842 2257 1924 2290 quae

1189 2312 1267 2334 sane
1293 2301 1415 2333 liberae
1434 2310 1568 2342 prorsus
1587 2305 1618 2331 et
1636 2301 1758 2342 absque
1780 2301 1847 2333 ullo
1861 2301 1925 2333 vin-

1188 2356 1261 2388 culo
1275 2359 1330 2387 aut
1347 2352 1546 2392 conditione,
1562 2352 1647 2384 iuxta
1664 2353 1795 2385 modum
1813 2364 1830 2386 a
1844 2353 1925 2386 Con-

1188 2408 1373 2451 grcgatione
1388 2406 1576 2439 eorumdem
1592 2406 1818 2448 deputatorum
1835 2417 1924 2450 prae-

1188 2460 1412 2499 scribendum,
1438 2459 1601 2491 faciendae
1628 2464 1737 2499 erunt,
1762 2462 1825 2492 una
1850 2470 1923 2493 cum

1188 2514 1293 2557 pretio
1319 2512 1424 2552 vestis,
1439 2512 1521 2544 sicut
1545 2511 1771 2554 praemittitur,
1786 2512 1854 2545 dari
1872 2522 1924 2546 so-

1188 2569 1273 2606 litae,
1292 2566 1370 2609 ipsis
1388 2564 1548 2607 deputatis
1567 2564 1754 2607 consignari
1770 2565 1920 2608 debeant,

1224 2631 1234 2656 1
1259 2628 1348 2655 Potius
1367 2628 1426 2662 tege
1446 2627 1647 2662 Bernardz'no,
1669 2631 1720 2655 etc.
1741 2629 1781 2664 (R.
1801 2628 1851 2664 T.).

1924 237 1973 265 An.
1990 238 2018 267 C.
2042 240 2108 267 1694

1963 1198 2038 1219 Modus
2051 1200 2069 1218 et
2079 1197 2120 1218 sni·-
2170 1212 2173 1213 ν

1937 1231 1970 1245 ma
1997 1225 2119 1245 conferendi

1938 1251 2005 1272 dictas
2020 1251 2088 1272 dotes.
