2254 3225
444 235 507 268 804

399 293 580 336 expeditas,
606 293 791 327 confirmari
817 298 849 327 et
873 295 1047 337 approbari
1079 295 1136 328 ob-

398 345 506 388 tinuit,
533 352 629 389 prout
653 346 685 379 in
712 347 842 390 publico
861 358 960 391 super
980 347 1136 391 praemis-

399 399 443 432 sis
468 399 619 433 consecto
644 400 860 433 instrumento
879 400 977 433 [usius
998 411 1136 444 appare-

399 462 434 486 re
460 464 496 486 ac
520 453 553 487 in
579 453 671 487 dictis
699 454 878 487 innocentii
911 455 1137 497 praedecesso-

399 505 442 539 ris
478 506 594 540 litteris
630 507 763 539 uberius
798 507 979 549 respective
1020 506 1137 539 dicitur

400 559 574 592 contineri.
601 559 808 592 Postmodum
838 569 915 591 vero
941 558 1043 591 dictus
1068 559 1137 591 Em-

399 613 530 646 manuel
565 611 735 655 episcopus
771 611 970 655 praedictum
996 611 1136 644 semina-

398 664 484 697 rium
501 664 532 697 S.
559 664 662 705 Pauli,
689 664 763 708 quia
787 664 867 698 illud
893 664 1036 698 nondum
1062 674 1137 707 per-

400 717 518 750 fectum
543 717 783 761 reperiebatur,
813 728 875 751 nec
906 718 935 750 ei
961 718 999 750 de
1025 727 1136 750 neces-

398 770 492 802 sariis
512 781 570 813 pro
595 770 767 804 sufficienti
784 771 934 804 iuvenum
954 771 986 803 in
1005 781 1043 803 eo
1061 771 1136 804 edu—

398 822 576 856 candorum
601 823 803 857 habitatione
830 833 866 856 ac
891 824 1008 856 ceteris
1034 823 1072 856 ad
1091 822 1135 855 vi-

398 881 484 908 ctum
504 881 536 909 et
553 877 703 910 decorem
718 877 958 920 pertinentibus
971 876 1135 920 provisum

398 933 478 969 erat,
504 929 615 972 perfici
642 929 772 970 curavit,
792 930 886 973 eique
904 940 1045 972 congrue
1062 940 1134 973 pro-

396 981 488 1022 vidit,
514 993 653 1023 necnon,
668 993 727 1026 pro
752 982 926 1016 ordinariis
953 993 1009 1016 seu
1034 988 1155 1016 extra-¹

396 1035 568 1068 ordinariis
598 1035 685 1069 illius
712 1036 864 1079 expensis
890 1036 1132 1079 supportandis,
1154 1041 1156 1064 t

395 1088 484 1121 mille
511 1094 542 1121 et
565 1089 760 1133 quingentas
785 1095 914 1132 patacas
946 1090 1015 1122 auri
1049 1088 1135 1123 com-

394 1142 500 1174 munis
524 1147 674 1175 monetae
701 1141 830 1175 illarum
865 1143 1007 1186 partium
1032 1143 1133 1186 ipsius

395 1194 515 1227 rectori
542 1205 578 1227 ex
600 1195 828 1228 communibus
846 1196 1028 1228 redditibus
1046 1207 1136 1239 prae-

396 1247 558 1280 dictorum
582 1248 835 1281 seminariorum
860 1248 907 1281 Ss.
928 1249 1013 1282 Petri
1041 1254 1071 1282 et
1088 1250 1135 1283 Io·
1155 1246 1156 1272 ἶ

395 1300 488 1333 annis
519 1301 558 1333 ab
587 1311 699 1334 eorum
724 1301 988 1335 administratore
1014 1308 1045 1335 et
1071 1303 1136 1335 the-

396 1354 543 1387 saurario
578 1355 671 1388 annis
707 1355 844 1397 singulis
881 1356 1158 1398 persolvendas,2

398 1418 467 1440 cuin
499 1409 634 1441 cautelis
661 1413 693 1441 ct
718 1409 969 1442 circumstantiis
994 1410 1025 1441 in
1052 1409 1137 1442 simi-

398 1460 482 1493 libus
507 1458 646 1504 apponi¹
672 1461 789 1502 solitis,
817 1461 1008 1504 applicavit,
1032 1472 1068 1494 ac
1092 1462 1136 1494 in-

399 1524 496 1556 super
521 1513 696 1546 declaravit
728 1519 760 1546 et
791 1514 933 1546 decrevit
971 1515 1057 1557 quod
1089 1520 1137 1547 to-

401 1572 448 1598 tus
475 1566 550 1599 dicti
578 1565 742 1598 seminarii
768 1565 797 1599 S.
827 1566 915 1599 Pauli
953 1567 1032 1600 situs
1064 1578 1135 1599 cum

400 1619 467 1651 eius
499 1619 638 1652 terrenis
675 1625 706 1651 et
737 1619 927 1660 confinibus,
965 1626 1062 1663 prout
1099 1631 1135 1653 ex

400 1673 521 1716 planta,
547 1672 770 1705 instrumentis
797 1678 828 1705 et
853 1672 953 1706 titulis
979 1674 1057 1706 situs
1083 1674 1137 1706 hu-

400 1725 537 1758 iusmodi
570 1726 804 1768 proprietatem
838 1726 1137 1760 demonstrantibus

401 1783 549 1811 constare
575 1778 701 1819 dicitur,
727 1778 765 1811 ad
795 1779 900 1822 ipsum
927 1780 1136 1813 seminarium
1158 1779 1159 1796 ³

401 1830 432 1864 S.
453 1831 541 1864 Pauli
568 1832 714 1874 legitimo
741 1837 772 1864 et
799 1833 1018 1876 proprietario
1045 1827 1160 1866 titulo'

404 1890 583 1928 spectaret,
610 1896 646 1917 ac
671 1885 810 1928 proinde
837 1886 869 1918 in
895 1897 948 1927 eo,
976 1891 1137 1930 tamquam

400 1936 433 1968 in
459 1937 593 1980 proprio
613 1937 756 1970 eiusdem
776 1938 938 1971 seminarii
958 1939 1068 1979 fundo,
1092 1950 1139 1971 ac-
1159 1965 1160 1981 ,

401 1989 525 2022 (liticari
546 1996 656 2033 posset
681 1991 839 2034 quidquid
872 1992 910 2024 de
938 1997 1048 2025 cetero
1078 1984 1160 2036 pro}

402 2042 516 2075 maiori
541 2043 628 2076 illius
645 2044 816 2077 commodo
842 2050 874 2077 et
900 2045 1038 2078 utilitate
1063 2057 1160 2086 con-4

402 2094 481 2127 strui
515 2095 694 2139 expediens
734 2097 861 2130 suisset.
896 2097 1047 2131 Ceterum
1078 2101 1160 2142 pro?

403 2148 489 2181 felici
503 2159 728 2193 prosperoque
742 2150 818 2183 dicti
837 2150 1000 2184 seminarii
1015 2151 1044 2184 S.
1059 2152 1139 2185 Pau-

403 2202 446 2241 li,
474 2208 506 2235 et
530 2203 749 2245 colleg-ialium
774 2203 807 2236 in
833 2214 870 2236 eo
896 2215 957 2247 pro
991 2210 1138 2249 tempore

403 2257 688 2297 commorantium,
729 2267 858 2291 necnon
897 2259 1137 2301 praedictorum
1159 2272 1161 2285 ·

404 2309 654 2342 seminariorum
680 2310 727 2342 Ss.
747 2310 834 2343 Petri
860 2316 890 2343 et
907 2311 1034 2345 Ioannis
1060 2313 1139 2356 regi·

405 2363 490 2395 mine
516 2368 548 2395 et
571 2363 743 2405 gubernio,
763 2368 824 2396 tam
843 2364 927 2397 idem
953 2365 1138 2399 Emmanuel

405 2416 580 2459 episcopus
608 2426 701 2459 qnam
717 2416 819 2449 dictus
834 2416 970 2450 Ioannes
990 2418 1140 2452 similiter

405 2469 578 2513 {spiscopus
604 2469 672 2502 eius
698 2474 882 2503 antecessor
900 2473 1055 2504 nonnulla
1080 2478 1140 2505 sta-

404 2527 471 2554 tuta
495 2527 527 2555 et
550 2521 772 2555 ordinationes
796 2523 974 2565 respective
996 2525 1141 2558 fecerunt

405 2585 460 2608 seu
482 2575 664 2616 ediderunt,
684 2585 765 2619 quae
791 2585 827 2608 ex
852 2576 982 2618 publico
1002 2577 1052 2610 (lie
1071 2588 1140 2611 xxix

442 2638 452 2664 1
470 2636 540 2664 Edit.
557 2636 639 2663 Main.
658 2636 721 2672 tegit
737 2637 840 2672 opponi
854 2637 892 2672 (tt.
909 2638 957 2672 T.).

209 246 260 271 An.
277 243 305 270 C.
328 243 394 271 1097

969 245 1147 270 m‘LLARIUM
1170 244 1323 271 ROMANUH

1917 252 1968 276 An.
1984 248 2013 276 C.
2035 250 2103 277 ¹697

1177 294 1288 338 aprilis
1319 303 1425 328 innexo
1463 299 1494 327 et
1522 295 1594 328 aliis
1628 295 1737 328 itidem
1770 296 1911 339 publicis

1178 347 1316 390 desuper
1341 347 1496 380 consectis
1521 347 1757 389 instrumentis,
1784 349 1817 381 in
1843 348 1913 392 qui-

1177 399 1237 432 bus
1251 400 1383 433 uberius
1398 401 1556 434 contineri
1571 401 1720 435 dicuntur
1734 402 1912 446 desumpta,

1179 458 1211 486 et
1226 453 1259 485 in
1278 454 1418 496 capitula
1432 453 1615 496 distributa,
1633 455 1839 488 sunttenoris
1857 455 1912 499 qui

1178 505 1337 548 sequitur,
1364 506 1541 539 videlicet:

1222 567 1245 590 1.
1275 556 1363 595 Quod
1390 559 1606 600 collegialium
1632 570 1784 593 numerus
1808 560 1841 593 in
1866 560 1910 593 di·
1933 579 2105 600 mammon-›i-

1179 614 1228 642 cto
1243 610 1418 644 seminario
1439 612 1468 644 S.
1490 611 1578 645 Pauli
1591 623 1650 656 pro
1666 618 1809 657 tempore
1827 605 2107 653 com-ssffij'fffluunm

1178 663 1373 696 morantium
1395 674 1457 697 non
1483 666 1617 698 excedat
1639 671 1801 700 octavum.

1223 725 1257 748 11.
1283 716 1372 755 Quod
1398 716 1638 751 bibliothecarii
1664 730 1778 752 munus
1804 731 1914 763 perso-
1951 738 1979 758 no
1995 738 2106 760 tsi-ianm.

1180 779 1238 802 nae
1264 769 1364 803 habili
1398 775 1431 802 ct
1455 770 1603 812 idoneae,
1627 783 1686 815 per
1710 770 1990 807 Ordinariuntfflffl·

1178 822 1483 866 Angelopolitanum
1514 835 1575 868 pro
1607 830 1751 869 tempore
1777 826 1915 860 existen-

1179 880 1243 908 tem
1268 875 1448 918 eligendae,
1474 882 1540 910 tum
1565 889 1625 921 pro
1662 879 1820 923 obsequio
1845 890 1916 923 per·

1178 939 1329 963 sonarum
1355 930 1394 963 ad
1419 930 1653 965 bibliothecam
1679 933 1913 974 accedentium,

1178 992 1247 1014 cnm
1272 993 1333 1026 pro
1359 982 1446 1016 illius
1477 985 1735 1025 conservatione,
1757 985 1915 1018 librorum

1178 1035 1301 1076 notitia,
1321 1042 1352 1068 et
1370 1036 1563 1077 assistentia,
1588 1038 1814 1078 demandetur,
1834 1050 1916 1082 quae

1179 1094 1329 1122 teneatur
1354 1089 1468 1122 dicbus
1491 1090 1656 1124 ferialibus
1678 1091 1916 1135 indispensahi-

1177 1142 1251 1175 liter
1274 1142 1496 1176 bibliothecae
1522 1144 1688 1177 assistere.

1221 1204 1268 1228 111.
1296 1194 1385 1233 Quod
1411 1196 1598 1238 collegiales
1620 1197 1651 1230 S.
1674 1197 1764 1230 Pauli
1784 1203 1917 1230 tenean-

1180 1253 1230 1280 tur
1260 1249 1486 1290 collegialibus
1518 1250 1566 1282 Ss.
1597 1250 1683 1283 Petri
1718 1256 1750 1282 ct
1785 1250 1914 1284 Ioannis

1180 1301 1364 1344 theologiae
1397 1302 1612 1336 scholasticae
1638 1309 1669 1336 et
1693 1304 1826 1336 moralis
1845 1314 1914 1337 con-

1180 1354 1342 1387 clusiones
1376 1355 1584 1398 praesignare
1617 1367 1698 1400 quae
1729 1357 1768 1389 ab
1794 1356 1915 1389 eisdem

1179 1408 1387 1441 sustinendae
1424 1414 1519 1441 crunt
1536 1436 1544 1450 ,
1568 1414 1599 1442 et
1625 1409 1796 1443 deficiente
1822 1410 1918 1443 colle-

1960 1213 1988 1233 De

1945 1239 2085 1264 cottvgialnnu

1925 1269 1992 1286 sancti
2007 1266 2074 1287 t‘auti.

2009 1213 2108 1232 nuvribns

1157 1460 1255 1502 jgiali
1293 1461 1448 1504 theologo
1485 1462 1518 1494 in
1556 1463 1697 1505 collegio
1731 1462 1762 1496 S.
1789 1463 1916 1496 Ioannis

1180 1513 1294 1545 artium
1309 1515 1576 1548 conclusionibus
1595 1516 1815 1558 praesidente,
1833 1526 1914 1559 quac

1180 1567 1404 1600 conclusiones
1439 1574 1486 1600 ter
1521 1568 1553 1600 in
1586 1569 1793 1601 hebdomada
1823 1569 1919 1602 susti-

1181 1619 1306 1652 nendae
1339 1625 1455 1661 erunt,
1490 1631 1526 1652 ac
1556 1622 1649 1654 toties
1683 1622 1810 1665 quoties
1837 1633 1916 1666 opus

1183 1672 1293 1712 suerit,
1320 1672 1365 1705 eis
1391 1673 1578 1716 praesidere
1606 1674 1763 1715 debeant,
1791 1686 1916 1708 necnon

1158 1720 1256 1767 }dicti
1289 1726 1477 1768 collegiales
1509 1726 1540 1759 S.
1568 1727 1656 1760 Pauli
1690 1728 1824 1770 obligati
1857 1728 1920 1760 sint

1181 1777 1218 1809 ad
1236 1778 1421 1820 legendum,
1434 1779 1674 1823 cathedrasque
1689 1781 1918 1824 philosophiae

1181 1835 1212 1862 et
1237 1831 1422 1873 theologiae
1448 1833 1651 1874 regendum,
1678 1843 1713 1865 ac
1738 1834 1920 1876 grammati-

1181 1894 1251 1916 cam
1277 1890 1308 1917 et
1328 1884 1525 1918 rhetoricam
1544 1897 1597 1919 eos
1616 1887 1818 1921 edocendum
1836 1899 1919 1922 sem-

1182 1947 1241 1979 per
1273 1943 1305 1970 et
1335 1938 1608 1983 quandocumque
1645 1941 1686 1973 ob
1716 1941 1917 1982 absentiam,

1182 1991 1425 2032 infirmitatem,
1452 1993 1579 2026 aliudve
1604 1995 1785 2037 legitimum
1818 1995 1919 2039 impe-

1182 2044 1359 2077 dimentum
1397 2046 1638 2088 praedictorum
1673 2048 1918 2082 seminariorum

1182 2098 1391 2130 cathedratici
1418 2104 1449 2131 et
1469 2100 1698 2142 magistrorum
1724 2102 1777 2145 qui
1794 2103 1919 2145 praedi-

1181 2156 1305 2183 ctarum
1330 2152 1557 2185 cathedrarum
1584 2154 1743 2196 gubernio
1768 2155 1918 2188 assistere

1181 2204 1402 2247 nequiverint3
1430 2216 1447 2237 a
1473 2217 1535 2249 qua
1560 2207 1746 2241 assistentia
1770 2208 1918 2251 collegia-

1181 2259 1228 2291 les
1253 2257 1283 2290 S.
1312 2258 1401 2291 Pauli
1426 2259 1585 2302 praedicti
1610 2261 1796 2293 nullatenus
1823 2272 1918 2294 excu-

1159 2317 1312 2351 ,sentur3
1350 2312 1492 2355 dictique
1529 2314 1718 2356 collegiales
1747 2313 1776 2346 S.
1805 2314 1914 2356 Pauli,

1159 2354 1161 2409 J]
1182 2364 1451 2408 quotiescumque
1486 2366 1746 2409 grammaticam,
1779 2367 1917 2401 rhetori—

1182 2428 1262 2458 cam,
1286 2418 1531 2462 philosophiam
1558 2421 1606 2452 vel
1626 2420 1824 2463 theologiam
1842 2432 1917 2466 sup-

1182 2472 1301 2513 plendo
1320 2472 1482 2504 desectum
1501 2477 1532 2505 et
1552 2472 1730 2506 absentiam
1751 2475 1916 2517 magistro-

1183 2535 1252 2557 rum
1278 2525 1348 2557 aliis
1373 2525 1497 2558 duobus
1518 2525 1664 2568 collegiis
1696 2527 1864 2569 leget-inv,
1884 2533 1915 2562 et

1183 2577 1368 2620 collegiales
1394 2578 1597 2618 edocueiint,
1617 2589 1675 2621 pro
1700 2583 1769 2612 rata
1794 2586 1915 2624 tempo-

1221 2642 1229 2665 1
1254 2639 1313 2665 Edit
1344 2639 1424 2666 atain,
1447 2640 1508 2676 legit
1531 2642 1660 2676 Πρω-ἱνα
1679 2647 1717 2677 tu.
1736 2643 1785 2677 Τ.).
