2254 3225
248 241 298 266 An.
316 239 344 265 (Ζ.
368 238 436 265 1000

274 1564 390 1585 namnnio.

483 229 546 262 1160

439 291 515 316 stum
537 290 565 316 et
585 285 707 316 alterum
741 294 792 324 pro
820 284 965 323 peccatis,
993 283 1170 312 sufficienter

439 339 561 365 testatur
579 337 587 352 ¹
620 334 696 373 quod
717 333 876 371 indiguerit
897 331 1118 371 purificatione,
1143 334 1170 358 et

438 384 514 424 quod
536 383 634 421 filius,
658 382 707 422 qui
729 381 922 417 offerebatur,
950 379 1035 409 etiam
1058 377 1169 407 macula

439 433 539 462 matris
551 431 712 462 maculatus
723 435 798 461 esset
814 429 972 460 secundum
987 427 1071 457 verba
1085 426 1166 464 legis.

478 489 544 510 xxV.
569 480 618 510 Dei
640 480 734 509 Patris
756 479 883 509 sedentis
905 477 1093 506 simulacrum
1120 483 1169 503 ne-

438 531 480 559 sas
502 534 545 559 est
566 529 724 558 christiano
746 528 774 557 in
798 526 904 564 templo
926 525 1079 554 collocare.

479 586 556 606 xxm.
580 577 663 611 Laus,
688 584 761 615 quae
783 575 912 604 defertur
934 572 1038 601 Mariae
1061 574 1091 600 ut
1112 569 1168 599 Ma-

438 625 509 662 riae,
534 634 605 654 vana
628 628 682 654 est.

478 683 565 703 xxvu.
585 672 680 702 Valuit
697 669 851 709 aliquando
867 669 1026 707 baptismus
1046 666 1099 695 sub
1116 667 1168 695 bac

438 724 530 752 forma
552 722 688 751 collatus:
704 719 735 748 In
758 719 863 747 nomine
878 716 978 749 Patris,
1002 719 1069 749 etc„
1088 723 1169 753 prae-

439 771 579 800 termissis
601 769 675 798 illis:
700 769 759 805 Egla
781 771 805 795 te
826 766 940 803 baptizo.

477 818 667 848 xxv111.Yalet
683 816 844 855 baptismus
857 814 980 843 collatus
992 822 1007 842 a
1021 812 1166 849 ministro,

438 867 486 906 qui
509 875 621 896 omnem
638 865 725 895 ritum
748 867 899 892 externum
923 862 1101 899 formamque
1121 860 1169 889 ba-

439 915 564 954 ptizandi
587 914 739 949 observat,
764 912 841 940 intus
870 919 937 939 vero
959 909 989 939 in
1011 908 1096 938 corde
1118 918 1169 938 suo

438 963 513 1002 apud
543 972 572 992 se
595 961 732 991 resolvit:
765 960 822 990 Non
846 959 954 988 intendo
982 960 1072 997 facere
1101 958 1170 996 quod

437 1012 503 1050 facit
525 1011 656 1040 Ecclesia.

477 1068 554 1088 xxrx.
579 1058 680 1087 Futilis
702 1061 729 1086 et
751 1055 834 1085 toties
856 1054 991 1084 convulsa
1015 1056 1057 1083 est
1079 1062 1170 1082 asser-

439 1108 476 1137 tio
499 1107 531 1136 de
562 1105 707 1135 Pontificis
740 1103 860 1133 [tomani
893 1111 979 1141 supra
1014 1101 1169 1130 concilium

437 1155 653 1185 oecumenicum
669 1152 839 1182 auctoritate
861 1155 945 1189 atque
959 1151 987 1179 in
1002 1150 1067 1179 [idei
1084 1159 1171 1189 quae-

438 1203 580 1234 stionibus
602 1201 793 1231 decernendis
814 1199 1032 1229 infallibilitate.

477 1261 544 1280 xxx.
568 1250 621 1280 t'hi
643 1250 707 1288 quis
724 1248 869 1278 invenerit
891 1247 1053 1277 doctrinam
1070 1247 1099 1276 in
1115 1247 1171 1276 Au-

437 1300 552 1338 gustino
575 1299 651 1328 clare
674 1297 843 1334 fundatam,
867 1297 946 1326 illam
969 1296 1100 1325 absolute
1125 1306 1171 1335 po-

438 1352 493 1378 test
515 1353 615 1377 tenere
646 1351 673 1376 et
695 1346 816 1381 docere,
839 1355 898 1377 non
928 1345 1110 1384 respiciendo
1135 1345 1170 1374 ad

438 1397 526 1426 ullam
550 1396 696 1425 Pontilicis
718 1394 841 1424 Bullam.

477 1453 554 1474 xxm.
579 1444 658 1473 Bulla
682 1442 792 1473 Urbani
817 1442 876 1471 t'ltl
907 1442 940 1471 Ιιι
967 1443 1098 1471 eminenti
1129 1446 1172 1471 est

438 1492 620 1531 subreptitia.

484 1555 603 1592 Quibus
619 1558 742 1587 mature
767 1551 980 1585 consideratis
1000 1551 1084 1584 idem
1101 1552 1174 1584 San-

441 1608 619 1645 ctissimus‚
645 1606 755 1638 statuit
784 1611 815 1638 et
840 1605 983 1637 decrevit
1006 1615 1073 1637 xxx]
1099 1616 1174 1648 pro-

441 1661 618 1703 positiones
636 1665 794 1701 tamquam
819 1657 1020 1697 temerarias,
1043 1658 1174 1689 seanda-

440 1715 536 1752 losas,
557 1713 640 1744 male
666 1716 826 1748 sonantes,
845 1710 1026 1749 iniuriosas,
1047 1710 1172 1742 haeresi

442 1765 610 1808 proximas
635 1763 794 1796 haeresim
811 1762 986 1805 sapientes,
1009 1772 1172 1800 erroneas,

441 1817 661 1850 schismaticas
700 1820 732 1848 et
772 1814 954 1848 haereticas
992 1814 1173 1857 respective

443 1880 512 1902 esse
538 1869 735 1902 damnandas
760 1873 792 1900 et
816 1867 1060 1910 prohibendas,
1093 1867 1175 1899 sieut

443 1933 494 1955 eas
519 1923 648 1955 damnat
673 1927 704 1953 et
728 1920 898 1963 probibet,
925 1920 1006 1951 itaut
1031 1920 1176 1962 quicum-

444 1986 505 2019 que
542 1976 612 2008 illas
644 1980 695 2006 aut
731 1973 929 2006 coniunctim
965 1978 1019 2004 aut
1051 1973 1175 2005 divisim

444 2027 595 2067 docuerit,
621 2025 811 2065 detenderit,
830 2025 976 2064 ediderit,
994 2030 1047 2057 aut
1071 2025 1110 2057 de
1132 2025 1177 2057 eis

445 2080 539 2112 etlam
565 2078 754 2122 disputative
783 2077 911 2121 publice
937 2082 991 2109 aut
1025 2077 1175 2120 privatim

446 2132 642 2172 tractaverit,
655 2131 716 2164 nisi
731 2131 839 2164 sorsan
857 2130 1088 2173 impugnando,
1107 2129 1176 2172 ipso

446 2186 528 2217 sacto
553 2185 672 2218 ineidat
695 2185 728 2216 in
754 2182 1138 2221 excommunicationem,
1162 2193 1179 2214 a

447 2248 509 2280 qua
526 2248 589 2270 non
610 2237 712 2280 possit
729 2238 970 2280 (praeterquam
992 2235 1024 2267 in
1043 2235 1178 2268 articulo

448 2290 570 2331 mortis)
589 2290 627 2322 ab
644 2290 715 2329 alio,
735 2299 936 2332 quacumque
962 2288 1056 2320 etiam
1076 2287 1180 2330 digni-

448 2348 512 2374 tate
537 2344 696 2383 fulgente,
727 2342 787 2374 nisi
813 2353 829 2373 a
855 2351 913 2383 pro
946 2346 1089 2382 tempore
1114 2340 1181 2372 exi-

450 2401 553 2427 stente
579 2395 719 2427 Romano
746 2394 900 2427 Pontifice
925 2393 1060 2426 absolvi.

493 2448 624 2489 Insuper
660 2447 802 2479 districte
840 2447 871 2478 in
906 2446 1021 2478 virtute
1054 2450 1182 2477 sanctae

452 2500 666 2538 obedientiae,
680 2505 709 2531 et
724 2499 782 2531 sub
803 2498 1064 2531 interminatione
1084 2497 1181 2530 divini

452 2552 560 2585 iudicii
593 2552 745 2594 prohibet
779 2552 928 2584 omnibus
965 2550 1183 2583 christifideli-

489 2615 500 2642 1
522 2613 592 2640 Edit.
612 2613 689 2639 tilam.
710 2612 774 2648 tegit
793 2615 936 2641 testantur
956 2618 992 2647 tn.
1013 2614 1060 2645 Τ.)-

1008 234 1183 258 Β1’1111,’1Γ11[.11
1210 231 1363 255 ΙἎΟᾺΙΑἉἬᾸΙ

1213 280 1271 311 bus
1300 278 1527 320 cuiuscumque
1552 276 1755 317 conditionis,
1777 277 1943 320 dignitatis

1213 337 1244 363 et
1268 336 1377 369 status,
1396 330 1490 362 etiam
1508 330 1641 372 speciali
1659 336 1690 363 et
1712 330 1945 373 specialissima

1212 385 1287 415 nota
1312 383 1426 425 dignis,
1445 393 1485 415 ne
1503 383 1682 426 praedictas
1707 383 1874 426 opiniones
1891 388 1945 415 aut.

1212 436 1349 478 aliquam
1374 435 1518 478 ipsarum
1543 436 1581 468 ad
1606 436 1727 478 praxim
1753 436 1921 469 deducant.

1254 488 1323 521 Non
1347 488 1487 521 intendit
1512 494 1617 521 tamen
1634 488 1790 521 Sanctitas
1806 489 1869 521 Sua
1885 499 1945 532 per

1212 542 1274 574 boe
1291 541 1457 574 decretum
1474 541 1552 574 alias
1569 541 1812 585 propositiones
1832 542 1863 573 in
1880 552 1946 574 ma-

1212 594 1272 626 iori
1300 604 1435 627 numero
1461 595 1545 627 ultra
1569 594 1771 636 supradictas
1788 604 1857 627 xxxt
1883 593 1945 626 iam

1211 647 1370 680 exhibitas
1388 652 1419 680 et
1443 648 1475 680 in
1494 647 1557 680 hoc
1574 647 1706 680 decreto
1723 657 1788 679 non
1814 657 1946 690 expres-

1212 711 1262 732 sas
1288 701 1482 743 approbare.

1255 754 1450 786 Atexmnnn
1481 754 1646 786 81³anan
1677 757 1806 786 sanctae
1831 752 1946 785 Roma-

1212 816 1270 838 nae
1288 806 1522 839 etuniversalis
1544 805 1764 849 Inquisitionis
1788 805 1943 838 notarius.

1297 859 1379 891 Loco
1403 862 1425 899 †
1449 858 1566 901 siqitli.

1247 921 1304 948 Dat.
1323 920 1365 947 die
1380 921 1393 947 7
1409 919 1563 948 decembris
1580 919 1655 954 1690,
1672 919 1769 955 pontif.
1789 927 1860 947 anno
1879 925 1910 946 11.

1505 1071 1653 1104 XXXVII.

1215 1151 1469 1193 Confirmantur,
1497 1149 1714 1188 innovantur,
1738 1148 1950 1181 declarantur

1258 1208 1285 1236 et
1303 1203 1509 1246 ampliantur
1526 1202 1769 1234 constitutiones
1792 1201 1950 1234 Innocen-

1259 1257 1299 1290 tiz*
1315 1257 1367 1290 XI
1387 1256 1595 1298 aliorumque
1611 1258 1723 1286 contra
1738 1254 1949 1296 surripientes

1258 1310 1306 1342 vet
1332 1310 1506 1341 retinentes
1526 1308 1675 1341 Hostiam
1699 1310 1917 1339 consecratam
1929 1304 1949 1339 ¹.

1408 1388 1570 1416 Alexander
1590 1388 1759 1420 episcopus,

1396 1439 1502 1460 servus
1524 1438 1677 1458 servorum
1698 1430 1760 1461 Dei,

1332 1477 1368 1504 ad
1389 1479 1565 1510 perpetuam
1584 1475 1629 1501 rei
1649 1474 1830 1501 memoriam.

1260 1549 1274 1592 ἓ
1298 1548 1329 1581 1.
1350 1547 1426 1580 Cum
1451 1547 1529 1579 alias
1554 1556 1570 1577 a
1595 1545 1696 1578 [elicis
1715 1544 1949 1577 recordationis

1216 1601 1404 1634 Innocentio
1419 1601 1503 1642 Papa
1521 1599 1558 1631 xl
1577 1598 1824 1640 praedecessore
1841 1601 1949 1630 nostro

1218 1653 1437 1687 emamtverint
1452 1654 1577 1685 litterae
1596 1649 1732 1682 tenoris:
1763 1662 1776 1680 et
1794 1649 1952 1682 Innocen-

1220 1708 1279 1740 tius
1303 1707 1475 1749 episcopus
1501 1713 1608 1735 servus
1630 1713 1798 1735 servorum
1822 1702 1891 1741 Dei,
1913 1702 1952 1734 ad

1218 1765 1406 1803 perpetuam
1422 1757 1468 1790 rei
1482 1755 1682 1788 memoriam.
1701 1754 1755 1788 Act
1769 1755 1871 1787 nostri
1883 1765 1953 1797 apo-

1217 1813 1351 1844 stolatus
1376 1810 1535 1848 auditum,
1562 1807 1651 1841 etcfl.
1677 1807 1790 1840 Datum
1820 1807 1953 1847 Romae,

1218 1866 1300 1908 apud
1326 1864 1356 1896 S.
1376 1864 1518 1901 Petrum,
1537 1871 1622 1893 anno
1640 1859 1876 1892 Incarnationis
1893 1859 1955 1892 Do-

1218 1918 1355 1950 minio-ae
1373 1913 1582 1952 MDCLXXVIH³,
1602 1923 1632 1946 lv
1651 1912 1720 1945 idus
1735 1911 1853 1953 martii,
1872 1922 1955 1956 pon-

1221 1970 1356 2002 tificatus
1379 1967 1480 2000 nostri
1501 1974 1586 1998 anno
1610 1976 1619 1998 1
1645 1978 1675 1997 n.

1264 2022 1277 2064 g
1302 2021 1332 2053 2,
1360 2021 1440 2052 ilinc
1460 2024 1509 2052 est
1526 2018 1610 2060 quod
1636 2027 1704 2057 nos,
1724 2022 1785 2050 tam
1805 2027 1953 2050 execran-

1221 2075 1295 2107 dum
1320 2074 1422 2105 scelus
1452 2082 1487 2103 ac
1522 2070 1678 2103 nefariam
1711 2070 1950 2109 temeritatem,

1222 2131 1375 2169 quantum
1399 2124 1432 2156 in
1457 2123 1551 2156 nobis
1576 2128 1633 2162 est,
1651 2122 1815 2162 cohibere,
1835 2127 1865 2154 et
1880 2132 1956 2165 pro-

1222 2185 1334 2222 pterea
1348 2177 1581 2221 praeinsertam
1599 2181 1630 2208 et
1645 2184 1861 2217 quascumque
1876 2175 1955 2207 alias

1223 2238 1285 2264 tam
1312 2240 1479 2263 sacrorum
1512 2238 1672 2261 canonum
1698 2238 1793 2270 quani
1819 2228 1956 2261 aliorum

1224 2284 1441 2316 Rornanorum
1466 2280 1655 2313 Pontificum
1680 2280 1803 2323 pariter
1826 2281 1947 2324 praede

1224 2345 1388 2369 eessorum
1410 2340 1593 2366 nostrorum
1608 2332 1854 2365 constitutiones
1868 2338 1899 2365 et
1913 2343 1959 2366 or·

1226 2389 1407 2422 (linationes
1430 2388 1537 2419 favore
1561 2385 1635 2418 fidei
1660 2385 1837 2419 catholicae
1860 2397 1896 2418 ac
1913 2386 1959 2419 os-

1261 2477 1270 2503 1
1287 2476 1359 2503 Dicta
1374 2473 1523 2501 Innocentii
1537 2473 1571 2499 xt
1589 2476 1673 2500 const.
1691 2473 1733 2500 ed.
1745 2473 1959 2508 suitnncrxxvffi

1227 2521 1269 2547 die
1289 2520 1321 2546 ⁹29
1341 2520 1452 2554 (potius
1473 2517 1524 2551 12)
1544 2517 1646 2549 martii,
1667 2517 1762 2552 pontif:
1782 2526 1802 2544 ι.

1262 2566 1277 2591 ‘2
1298 2564 1409 2598 Reliqua
1431 2562 1488 2588 vide
1508 2566 1573 2588 tom.
1595 2568 1648 2595 xix,
1672 2569 1732 2596 pag.
1750 2562 1778 2588 41
1802 2563 1841 2597 (11.
1858 2562 1908 2597 τ.).

1264 2609 1280 2635 3
1299 2608 1369 2635 Male
1390 2606 1456 2635 edit.
1481 2605 1564 2632 Maiu-
1585 2604 1667 2633 habet
1688 2605 1754 2633 1676
1775 2606 1814 2641 (R.
1830 2606 1880 2641 T.).

1950 229 2000 255 An.
2017 229 2045 256 C.
2070 230 2137 257 ¹090

2019 1552 2079 1573 Conxt
2085 1552 2145 1573 itone

1959 1579 2074 1601 iunocentii
2089 1578 2123 1600 xl.

1974 2025 2086 2055 (lentii-mal.
2096 2024 2150 2045 Pou-

1965 2055 2021 2072 tilcx.
