2227 3225
156 153 204 181 !tn.
221 153 250 180 C.
274 153 336 182 lssssl

935 150 1142 176 INNm'AENTffs
1167 151 1207 173 ΧΠ
1233 149 1279 173 Pr,

347 207 516 246 postquam
553 212 643 235 caute
669 206 700 234 ct
723 200 900 244 prudenter
933 200 1078 232 redeme-

346 255 411 288 rint
446 255 647 288 necessarios
665 282 672 295 ‚
698 254 736 287 de
770 259 880 286 cetero
909 251 1079 285 consulant

347 307 514 342 charitatis
527 307 689 347 ordinem,
704 312 743 347 et,
760 311 915 350 quantum
926 304 995 337 sieri
1010 313 1079 347 pos·

345 362 396 399 sit,
423 370 479 394 eos
505 361 646 403 eligant,
666 370 747 404 quos
771 360 842 402 plus
866 357 940 391 fidei
969 356 1079 389 discri-

344 423 419 447 men
435 423 471 446 ac
488 422 661 456 pressurae
686 411 889 450 vexaverint·‚
911 419 1031 454 pueros
1048 414 1078 441 et

345 468 573 501 adolescentes
613 466 748 500 seminas
785 470 920 508 propter
956 462 1079 505 fragili-

346 526 444 553 tatem
456 519 569 553 aetatis
584 517 1079 558 0150111511]11110111110111111111111-

345 573 440 606 citius
464 573 627 606 vindicare
653 571 816 611 festinent,
845 570 924 602 itaut
948 577 1080 610 semper

345 626 447 660 maior
470 626 544 660 fidei
569 630 788 669 praeponatur
812 623 942 662 utilitas,
961 622 991 653 in
1009 621 1079 654 reli-

346 678 418 722 quis
441 679 552 722 regula
570 683 602 711 et
625 677 704 711 ordo
729 674 898 719 aequitatis
923 679 1077 707 servetur.

388 742 419 765 v.
445 731 537 765 Unde
570 729 829 773 redemptoribus
864 728 1022 761 Castellae
1048 732 1079 759 et

345 784 517 818 Vandaliae
542 783 779 828 provinciarum
804 781 936 814 omnino
953 779 1080 823 pracci—

345 837 463 882 pimus,
480 842 526 877 ut,
552 835 628 879 quia
646 836 884 878 eleemosynae,
902 843 981 876 quas
1002 831 1080 866 offe—

346 895 430 930 runt,
444 900 482 923 ex
507 889 620 922 maiori
646 894 736 931 parte
754 892 828 920 sunt
852 897 887 919 ex
905 885 1080 930 provinciis

344 943 519 983 ludunum,
535 952 646 976 omnes
664 951 773 974 earum
794 940 963 983 indigenas
979 950 1081 982 quan-

345 1001 414 1029 tum
435 995 480 1029 eis
506 995 603 1028 liceat
621 994 782 1028 redimere
801 993 961 1026 studeant.
981 991 1079 1030 Quam

345 1050 493 1092 regulam
513 1048 673 1081 universis
699 1047 730 1080 in
753 1057 873 1090 genere
898 1046 1082 1088 redempto-

345 1101 435 1134 ribus
453 1111 490 1134 ex
505 1101 615 1134 debito
634 1100 805 1143 aequitatis
824 1098 1081 1143 praescribimus,

346 1154 442 1198 quod,
468 1153 647 1197 redemptis
671 1153 759 1196 prius
787 1152 851 1185 illis
870 1151 923 1195 qui
949 1151 982 1184 in
1008 1151 1082 1184 fidei

347 1206 534 1240 discrimine
559 1211 736 1243 versantur,
765 1215 876 1238 eorum
898 1209 1010 1247 postca
1034 1215 1084 1237 re-

347 1271 485 1303 gnorum
511 1260 655 1303 captivos
681 1258 835 1302 impensis
863 1258 1007 1290 nitantur
1025 1257 1085 1290 eri-

346 1323 438 1358 pere,
459 1314 547 1347 unde
573 1314 799 1356 eleemosynae
824 1317 1059 1355 provenerunt.

390 1376 433 1400 vi.
460 1363 663 1409 Quapropter
694 1365 790 1398 etiam
816 1375 927 1397 cavere
963 1364 1084 1397 debent

346 1429 387 1453 ne
412 1418 579 1462 pecunias,
601 1428 681 1462 quas
702 1428 762 1461 pro
782 1416 1010 1461 redemptione
1028 1416 1086 1449 ali-

348 1472 438 1505 cuius
455 1471 691 1505 determinatae
717 1478 874 1514 personae
900 1470 1085 1513 acceperint

349 1535 366 1558 a
384 1523 587 1568 parentibus,
610 1523 863 1566 consanguineis
889 1523 938 1556 vel
963 1523 1082 1561 amicis,

348 1577 380 1610 in
406 1577 538 1611 alterius
558 1576 741 1610 libertatem
767 1576 969 1620 expendant3
997 1575 1084 1619 quod

348 1630 374 1663 si
398 1631 557 1674 captivum
592 1630 703 1669 illum,
729 1639 789 1673 pro
814 1639 879 1672 quo
903 1629 1085 1673 specialiter

349 1684 479 1716 fuerant
504 1683 726 1726 consignatae,
752 1692 958 1726 quacumque
987 1684 1086 1714 causa

350 1737 512 1770 redimere
527 1745 591 1770 non
605 1736 743 1779 possint,
756 1745 813 1769 eos
831 1736 974 1778 integras
988 1735 1087 1768 omui-

1121 199 1245 230 lucrum
1271 197 1456 239 importent.
1480 196 1605 227 Eisdem
1625 195 1758 237 insuper
1783 205 1853 237 pro-

1121 249 1269 281 bibemus
1294 258 1333 281 ne
1359 257 1515 291 personas
1541 249 1733 286 saeculares,
1758 248 1852 280 titulo

1120 302 1306 340 servitutis,
1331 300 1583 334 necessitudinis
1609 305 1663 331 aut
1687 299 1749 333 alio
1774 310 1852 343 quo-

1120 355 1219 394 libet,
1256 355 1341 387 ultro
1370 363 1477 386 secum
1511 352 1721 385 transfretare
1750 353 1853 385 susti-

1119 413 1229 441 neant.

1163 471 1229 495 vin.
1258 461 1374 494 Yerum
1401 461 1426 492 si
1452 459 1715 502 redemptoribus
1741 459 1778 491 ad
1804 459 1853 491 in-

1119 513 1261 548 fidelium
1279 524 1351 546 oras
1369 513 1407 545 sit
1426 513 1558 546 omnino
1576 512 1772 544 interclusus
1788 512 1854 544 adi-

1121 573 1179 607 tus,
1200 573 1275 599 tunc
1293 567 1382 610 ipsis,
1398 577 1436 598 ne
1456 576 1490 599 se
1509 571 1538 598 01
1556 565 1756 608 captivorum
1770 564 1854 597 bona

1120 620 1151 652 in
1177 620 1330 652 iacturam
1357 624 1478 652 temere
1508 617 1700 661 proiit-iant,
1728 626 1785 659 per
1809 617 1855 649 in-

1121 672 1291 715 terpositas
1317 681 1472 715 personas
1491 670 1747 713 redemptionem
1769 679 1856 702 exer-

1120 734 1193 758 cere
1219 725 1326 757 liceat.

1164 789 1206 811 lx.
1234 777 1271 810 Ut
1297 778 1522 820 redemptores
1549 774 1661 809 maiori
1686 775 1758 815 tide,
1780 775 1856 808 cba-

1121 831 1214 863 ritate
1240 835 1271 863 et
1295 831 1466 863 commodo
1501 839 1597 862 omne
1630 838 1706 861 suae
1735 828 1856 861 villica-

1122 884 1218 916 tionis
1236 894 1351 916 munus
1370 883 1580 926 adimpleant,
1593 882 1651 914 sub
1666 880 1758 914 dictis
1778 890 1857 924 poe-

1121 939 1170 971 nis
1190 939 1253 971 illis
1269 937 1499 981 praecipimus,
1518 942 1552 968 ut
1573 936 1692 978 singuli
1712 935 1855 978 singulos

1121 992 1222 1024 libros
1247 992 1387 1025 habeant
1411 1000 1471 1034 pro
1489 991 1545 1022 sua
1565 990 1701 1032 quisque
1726 988 1857 1031 provin-

1121 1045 1169 1077 cia
1192 1045 1242 1076 vel
1267 1053 1380 1086 regno,
1400 1043 1432 1074 in
1450 1042 1568 1085 quibus
1592 1041 1710 1080 omnia,
1724 1048 1781 1083 pro
1806 1050 1858 1073 ca-

1122 1098 1280 1140 ptivorum
1309 1096 1534 1139 redemptione
1568 1100 1633 1128 tam
1666 1094 1704 1127 ab
1737 1092 1856 1127 Ordine

1122 1161 1218 1194 quam
1233 1150 1365 1182 aliunde
1382 1160 1399 1182 a
1417 1148 1639 1181 saecularibus
1654 1157 1713 1191 per
1725 1147 1858 1180 modum

1124 1205 1363 1246 eleemosynae,
1383 1202 1517 1235 subsidii
1536 1200 1731 1234 etadiutorii
1748 1210 1858 1234 susce-

1124 1262 1190 1299 pta,
1218 1255 1370 1295 fideliter,
1397 1255 1644 1298 praescribant,
1670 1253 1744 1286 dato
1768 1253 1859 1296 prius

1127 1308 1326 1342 tradentibus
1358 1307 1544 1340 testimonio
1579 1312 1731 1349 acceptae
1762 1315 1860 1349 pecu-

1125 1361 1209 1394 niae.
1236 1360 1465 1404 Quaecumque
1490 1360 1675 1393 necessario
1699 1359 1861 1402 expende-

1126 1415 1202 1454 rint,
1228 1414 1324 1447 etiam
1349 1414 1381 1445 in
1407 1413 1540 1446 eosdem
1565 1413 1667 1445 libros
1692 1412 1859 1451 referant,

1126 1473 1169 1509 ut,
1184 1467 1452 1511 quandocumque
1478 1476 1559 1509 opus
1583 1465 1688 1505 fucrit,
1703 1465 1861 1498 rationem

1126 1521 1190 1555 dati
1217 1526 1249 1554 01
1272 1520 1395 1563 accepti
1421 1520 1559 1552 reddere
1576 1519 1697 1562 ubique
1719 1519 1859 1551 valeant.

1168 1585 1199 1607 x.
1226 1573 1362 1617 Insuper
1386 1572 1418 1604 in
1444 1572 1617 1615 praedictis
1635 1571 1725 1605 libris
1742 1580 1863 1604 memo-

1127 1633 1213 1661 ratos
1240 1636 1311 1660 esse
1336 1627 1484 1659 volumus
1502 1631 1533 1658 01
1557 1625 1724 1658 statuimus
1749 1633 1862 1657 omnes

1127 1681 1282 1724 captivos,
1305 1680 1413 1713 relatis
1430 1679 1574 1722 propriis
1591 1677 1790 1717 nominibus,
1809 1687 1865 1710 eo-

1128 1745 1197 1767 rum
1215 1739 1328 1772 aetate,
1346 1733 1460 1776 patria,
1481 1738 1628 1776 tempore
1650 1731 1814 1765 servitutis
1832 1735 1865 1763 et

1753 136 1815 169 255·
1862 145 1912 171 Aa.
1929 145 1958 170 C.
1980 142 2044 174 icat

351 1799 393 1824 110
419 1793 561 1827 servent,
580 1793 615 1821 ut
638 1787 702 1820 suis
727 1787 937 1831 largitoribus
962 1797 1035 1820 cum
1054 1775 1108 1835 [1-1
1129 1786 1359 1830 redemptionis
1376 1785 1496 1829 pretio,
1519 1786 1558 1818 ad
1575 1785 1672 1818 finem
1692 1789 1800 1817 autem
1817 1792 1866 1815 su-

351 1842 482 1876 delitate
508 1841 699 1874 reddantur.
1106 1840 1264 1884 {peraddi
1290 1839 1452 1872 sancimus
1481 1838 1647 1882 publicum
1670 1837 1866 1870 instrumen-

395 1905 450 1929 ν11.
485 1894 566 1938 Ipsis
601 1893 737 1927 ulterius
764 1893 1002 1937 praecipiuuis,
1029 1893 1088 1925 sub
1131 1899 1197 1926 tum
1222 1892 1367 1926 omnium
1401 1902 1514 1925 eorum
1540 1901 1622 1935 quae
1653 1891 1686 1923 in
1718 1892 1784 1924 tota
1815 1900 1866 1922 re-

351 1947 656 1993 poenaprivationis
670 1946 756 1980 vocis
767 1947 887 1980 activae
902 1947 1089 1989 etpassivae
1109 1958 1110 1961 ¹
1130 1946 1317 1989 demptione
1343 1950 1418 1977 sunt
1441 1950 1529 1988 gesta
1557 1949 1589 1977 et
1613 1944 1734 1977 fuerint
1753 1948 1866 1976 notatu

352 1999 770 2045 inperpetuum‚ne‚titulo
787 1999 1090 2042 augendaeredem-
1131 1999 1290 2042 digniora.
1322 1997 1444 2036 Quibus
1480 1998 1523 2030 ita
1556 1997 1718 2041 peractis,
1752 1996 1866 2029 fratres

352 2054 730 2099 ptionis,eleemos3·nas‚
743 2053 1089 2096 alioquequocumque
1109 2043 1110 2051 ¹
1130 2056 1308 2085 remeatum
1333 2051 1506 2090 instruant,
1524 2055 1555 2083 01
1572 2061 1645 2083 011111
1667 2049 1800 2093 captivis
1819 2059 1868 2082 re-

354 2106 531 2140 salubriter
556 2110 654 2148 atque
673 2105 906 2138 honestissime
932 2106 1090 2148 excogita·
1111 2141 1112 2144 ¹
1132 2110 1299 2137 vertantur
1326 2104 1365 2136 ad
1391 2103 1547 2146 propria,
1571 2109 1704 2146 recepto
1736 2102 1825 2146 prius
1850 2112 1868 2135 a

353 2159 420 2200 bili,
436 2169 490 2192 eas
503 2169 563 2203 per
579 2158 767 2192 huiusmodi
785 2159 1016 2191 commercium
1035 2158 1090 2191 ulli
1109 2163 1112 2218 1
1131 2157 1266 2200 singulis
1291 2157 1473 2189 iuramento
1499 2157 1674 2195 fidelitatis,
1700 2156 1788 2199 quod
1813 2165 1869 2198 pa-

353 2213 446 2247 lucro
463 2213 513 2245 vel
530 2217 706 2255 augmento
724 2211 909 2250 subiiciunt,
927 2221 1034 2254 neque
1053 2212 1090 2243 ab
1110 2223 1114 2258 1
1132 2211 1221 2244 cilice
1246 2210 1307 2242 sibi
1333 2220 1388 2242 eos
1414 2210 1607 2242 ducentibus
1632 2209 1806 2247 obedient,
1837 2213 1870 2240 et

355 2265 419 2299 alio
443 2264 475 2298 id
500 2265 616 2309 quovis
646 2265 743 2299 modo
776 2264 844 2296 fieri
878 2264 1089 2306 permittant,
1112 2264 1196 2308 ‘quo
1222 2263 1385 2296 voluerint
1408 2268 1587 2306 sequentur
1602 2273 1659 2306 per
1675 2263 1755 2295 duos
1779 2271 1871 2294 men-

356 2318 414 2351 sed
433 2322 533 2351 totum
550 2317 785 2361 redemptionis
802 2318 991 2350 thesaurum
1012 2327 1091 2360 pure

357 2376 390 2404 et
409 2371 442 2404 in
458 2371 592 2415 propria
615 2371 725 2414 specie
749 2370 907 2415 pecuniae
927 2380 1036 2404 secum
1055 2371 1091 2406 ad

357 2423 508 2458 infideles
534 2424 694 2465 deserant,
713 2425 882 2468 nullasque
907 2435 1031 2457 merces
1056 2435 1091 2457 ex

359 2478 397 2510 ea
419 2484 622 2521 comparent,
639 2477 761 2510 etiamsi
787 2478 870 2521 apud
896 2478 970 2512 illos
988 2479 1093 2511 carius

359 2529 508 2569 venditae
525 2531 641 2576 ingens
667 2531 887 2577 redemptioni
913 2537 945 2566 et
961 2532 1093 2577 captivis

1134 2329 1185 2351 ses
1209 2328 1246 2349 ex
1273 2328 1335 2360 quo
1359 2316 1505 2349 fidelium
1530 2316 1604 2356 oris,
1627 2316 1665 2349 ad
1691 2326 1769 2358 quas
1794 2315 1871 2348 diri-

1135 2377 1265 2415 guntur,
1289 2370 1486 2415 appulerint.
1514 2370 1664 2403 Ceterum
1688 2369 1813 2402 interea
1836 2379 1872 2402 o-

1136 2425 1222 2458 mnia
1247 2425 1279 2457 in
1296 2425 1346 2458 via
1371 2423 1556 2457 necessaria
1582 2423 1810 2456 ministrentur
1826 2422 1872 2455 eis

1136 2480 1188 2524 pia
1213 2479 1386 2522 largitione
1411 2483 1442 2511 01
1466 2478 1613 2511 001151110.

1180 2543 1223 2567 xl.
1250 2532 1451 2576 Iniungimus
1482 2542 1559 2565 vero
1584 2531 1663 2575 ipsis
1688 2530 1873 2575 redempto-
