2254 3225
232 227 281 254 Aa.
299 225 328 252 c.
352 224 418 252 ¹090
463 214 505 248 34

262 551 372 573 Praedicta
388 551 418 571 iu·

236 579 341 604 dulgentia
370 584 418 598 con-

236 612 293 627 cessa
304 605 342 625 ruit
352 612 364 626 a
374 605 418 626 Cle·

236 635 304 653 munte
319 631 342 652 Χ.

471 270 612 304 tualz'um
632 269 683 303 die
703 280 726 303 11
754 267 888 311 auqusn·
911 263 1074 308 applicari
1088 272 1159 305 pos-

469 325 511 358 sit
535 323 711 357 animabus
735 317 995 364 defunctorum&

613 411 779 440 Alexander
800 410 878 443 Papa
897 407 976 437 vm.

544 460 579 486 ad
595 459 770 492 perpetuam
789 454 835 482 rei
854 450 1037 480 memoriam.

473 541 487 583 g
501 539 531 571 1.
549 538 634 571 Alias
648 534 752 570 felicis
767 531 1003 567 recordationis
1016 529 1161 562 Clemens

430 593 515 636 Papa
540 592 563 624 X
582 590 813 634 praedecessor
837 590 946 618 noster
963 581 1112 615 erunibus
1131 583 1163 610 et

429 644 564 687 singulis
588 643 756 684 utriusque
782 649 875 672 sexus
900 633 1162 669 christifidelibus

429 708 504 730 vere
529 694 774 740 poenitentibus
792 697 823 725 et
839 688 1004 727 confessis,
1021 697 1057 719 ac
1072 686 1162 717 sacra

429 749 656 783 communione
688 745 837 784 reiectis,
864 742 917 786 qui
949 741 1090 783 aliquam
1124 748 1161 770 ex

430 802 576 836 ecclesiis
602 801 736 834 fratrum
757 796 884 831 Ordinis
907 795 1065 827 lilinorum
1091 802 1162 823 san-

430 856 472 889 cti
489 853 653 888 Francisci
674 848 939 885 Conventualium
964 849 1163 888 nuncupato·

430 919 510 948 rum,
529 913 591 940 tam
611 912 685 938 tunc
703 904 828 943 erectis,
843 912 935 945 quam
951 900 1163 942 imposterum

431 962 700 1005 quandocumque
725 955 898 999 erigendi&
917 959 948 987 et
972 952 1092 995 ubique
1117 952 1163 984 lo-

431 1024 541 1047 corum
559 1011 778 1050 existentibus,
794 1009 844 1041 die
859 1018 882 1041 11
899 1005 1020 1039 mensis
1040 1003 1162 1047 augusti

433 1078 449 1099 a
464 1065 575 1110 primis
596 1063 739 1107 vesperis
770 1071 872 1104 usque
893 1059 932 1092 ad
950 1068 1096 1092 occasum
1113 1068 1165 1090 so-

432 1120 471 1153 lis
493 1119 556 1152 diei
582 1116 768 1150 huiusmodi
787 1114 879 1147 anuis
896 1111 1031 1155 singulis
1052 1111 1164 1144 devote

431 1173 624 1209 visitassem,
640 1175 671 1203 et
684 1169 726 1202 ibi
742 1179 802 1211 pro
816 1165 1068 1199 christianorum
1082 1163 1166 1207 prin-

433 1226 539 1268 cipum
556 1223 737 1261 concordia,
754 1217 1014 1253 haereticorum²
1031 1217 1167 1260 extirpa-

435 1278 531 1315 tione,
549 1287 584 1308 ac
605 1278 733 1308 sanctae
757 1273 869 1306 matris
894 1271 1058 1304 Ecclesiae
1083 1269 1166 1302 exal-

420 1327 555 1375 Jtatioue
574 1329 643 1372 pias
663 1329 700 1360 ad
718 1328 817 1360 Deum
834 1334 947 1369 preces
965 1323 1165 1363 effudissent,

422 1383 610 1427 'plenariam
637 1380 779 1413 onmium
800 1383 1009 1422 peccatorum
1036 1386 1167 1409 suorum

270 1823 380 1843 Concessio
391 1828 426 1847 ap·

243 1850 361 1876 putationis
396 1850 426 1869 di·

244 1879 291 1906 ctae
319 1876 425 1902 indulgen-

245 1905 295 1924 uae.

434 1434 665 1478 indulgentiam
689 1439 721 1466 et
744 1431 968 1465 remissionem
991 1429 1168 1462 misericor-

435 1490 518 1523 diter
532 1490 562 1522 in
577 1488 710 1522 Domino
727 1485 895 1525 concessit,
914 1489 946 1518 et
963 1483 1052 1523 alias,
1070 1487 1170 1527 prout

435 1544 465 1576 in
487 1544 586 1587 ipsius
604 1541 776 1576 Clementis
795 1537 1059 1583 praedecessoris
1084 1537 1169 1571 litte-

434 1597 477 1630 ris
503 1597 642 1639 desuper
667 1595 698 1627 iu
729 1592 824 1626 simili
851 1592 952 1625 forma
980 1591 1090 1624 Brevis
1116 1590 1169 1623 die

434 1661 470 1683 111
488 1648 627 1682 octobris
647 1657 772 1682 ninCLxx
798 1644 967 1688 expeditis,
994 1653 1072 1686 quas
1097 1653 1170 1686 per-

433 1702 538 1745 petuis
564 1700 678 1733 suturis
706 1697 905 1742 temporibus
930 1697 1039 1729 valere
1055 1695 1166 1736 voluit,

436 1755 569 1788 uberius
594 1753 786 1787 continetur.
832 1768 835 1769 ν

479 1810 494 1852 ἓ
520 1808 550 1841 ⁶2.
577 1807 654 1840 Cum
679 1811 795 1845 autem,
821 1804 903 1837 sicut
926 1802 1064 1836 dilectus
1084 1801 1170 1835 filius

437 1862 595 1895 Antonius
619 1859 765 1900 Fabozzi,
791 1862 986 1902 procurator
1010 1855 1171 1899 generalis

438 1916 513 1949 dicti
537 1914 677 1954 Ordinis,
701 1912 794 1946 nobis
811 1921 918 1955 nuper
942 1909 1060 1953 exponi
1085 1908 1169 1949 fecit,

436 1967 671 2011 indulgentiam
695 1964 874 2009 plenariam
910 1968 942 1996 et
964 1967 1171 2006 peccatorum

436 2020 672 2059 remissionem,
698 2023 734 2050 ut
756 2017 942 2061 praefertur
965 2025 1171 2055 concessam,

438 2074 532 2108 etiam
564 2072 732 2106 animabus
761 2069 1020 2105 christifidelium
1052 2067 1169 2101 desun-

475 2171 485 2196 1
507 2169 605 2196 Similis
620 2167 756 2196 concessio
771 2167 841 2194 facta
855 2165 904 2193 fuit
919 2165 952 2192 ab
967 2163 1126 2191 Innocentio
1137 2163 1171 2190 Xl

438 2214 584 2242 Minoribus
603 2213 635 2240 de
655 2211 833 2239 Observantia
847 2214 873 2237 et
886 2208 1050 2236 Resormatis
1065 2208 1170 2234 constit.

439 2260 482 2286 ed.
499 2264 661 2286 iinctxxxvn
672 2278 679 2291 ,
696 2257 739 2283 die
753 2257 786 2283 22
801 2254 926 2287 ianuarii,
943 2253 1037 2288 pontif.
1049 2259 1092 2285 x1;
1109 2260 1172 2279 nec-

439 2312 490 2331 non
510 2301 685 2338 Cappuccinis
704 2300 811 2327 constit.
833 2299 876 2326 ed.
893 2304 1056 2328 uochxx1x‚
1077 2296 1121 2323 die
1144 2298 1174 2322 ¹0

438 2347 509 2378 maii,
526 2346 618 2383 pontis.
635 2352 690 2372 xiil.
707 2344 784 2371 Aliae
803 2343 985 2378 indulgentiae
1004 2342 1172 2369 Conventua-

438 2393 508 2420 libus
528 2398 671 2418 concessae
691 2394 781 2416 extant
795 2389 822 2415 in
843 2387 989 2415 iunocentii
1009 2386 1041 2412 xl
1062 2386 1170 2412 constit.

440 2437 483 2464 ed.
499 2442 636 2466 unmxxx,
652 2435 696 2461 die
714 2434 749 2461 26
764 2432 880 2468 augusti,
896 2431 1015 2468 pontific.
1032 2436 1068 2463 tv,
1087 2433 1113 2456 et
1132 2429 1174 2454 lu-

440 2480 555 2508 nocentii
569 2480 612 2507 Xll
629 2479 735 2506 constit.
753 2478 796 2505 ed.
811 2480 927 2511 MUCxcv,
942 2476 986 2502 die
1008 2475 1040 2502 18
1055 2474 1172 2509 augusti,

440 2526 534 2562 pontif.
555 2532 579 2551 v.

476 2570 491 2596 2
513 2569 548 2596 De
573 2576 647 2595 more
671 2567 750 2594 solito
778 2566 922 2602 legendum
945 2565 1098 2592 haeresum
1126 2570 1174 2598 pro

442 2614 650 2641 haereticorum
669 2615 707 2647 (a.
723 2612 771 2646 τ.).

1003 214 1133 240 Bt'LLAttt
1140 214 1179 236 UM
1205 210 1357 235 ROMANUM

1201 264 1326 292 ctorurn
1353 266 1410 299 per
1441 254 1572 287 modum
1605 251 1747 295 suffragii
1779 250 1937 296 applicari

1202 321 1297 354 posse
1313 317 1521 351 summopere
1539 304 1743 340 desiderent¹
1758 317 1765 338 ·.
1787 315 1856 345 nos,
1875 305 1936 349 piis

1945 201 1993 228 An.
2010 200 2040 229 C.
2062 201 2129 229 lt'rOO

1203 363 1346 396 eiusdem
1372 360 1503 394 Antonii
1528 360 1749 404 procuratoris
1775 358 1946 402 generalis

1203 416 1297 456 votis,
1324 416 1384 448 hae
1408 414 1441 447 in
1459 424 1504 454 re,
1523 419 1677 457 quantum
1702 423 1773 445 cum
1799 412 1938 446 Domino

1204 479 1384 513 possumus,
1398 467 1615 501 favorabiliter
1625 477 1768 500 annuere
1779 467 1938 506 volentes,

1205 521 1394 554 auctoritate
1418 519 1513 553 nobis
1534 531 1551 553 a
1575 519 1712 553 Domino
1738 518 1855 552 tradita
1871 519 1940 561 plu-

1205 575 1319 607 rimum
1345 574 1377 607 in
1402 573 1537 607 Domino
1563 572 1686 612 confisi,
1703 571 1940 614 indulgentiam

1205 627 1383 670 plenariam
1407 631 1439 660 et
1463 631 1670 669 peccatorum
1700 624 1941 665 remissionem,

1205 680 1471 714 christifidelibus
1496 679 1650 723 praefatis
1672 678 1875 723 supradictas
1894 688 1941 711 ec-

1205 734 1320 767 elesias
1346 734 1481 766 fratrum
1504 733 1633 766 Ordinis
1657 732 1814 765 Minorum
1838 731 1940 764 saneti

1206 786 1369 820 Francisci
1395 785 1657 819 Conventualium
1690 785 1743 818 die
1767 795 1790 818 11
1822 785 1941 818 mensis

1206 839 1332 882 augusti
1364 845 1399 872 ut
1430 849 1529 882 supra
1561 838 1763 871 visitantibus
1789 844 1820 872 et
1847 849 1942 882 prae-

1206 893 1303 926 missa
1338 892 1566 936 peragentibus
1602 902 1813 933 concessam,
1845 892 1943 925 etiarn

1206 946 1464 980 christifidelium
1490 945 1680 986 animabus,
1711 956 1794 989 quae
1819 946 1884 979 Deo
1909 946 1942 979 in

1207 999 1361 1032 charitate
1386 998 1576 1031 coniunctae
1593 998 1633 1030 ab
1652 998 1713 1030 hac
1736 999 1806 1031 luce
1826 998 1944 1041 migra-

1207 1052 1320 1092 verint,
1344 1062 1404 1095 per
1439 1051 1571 1084 modum
1606 1050 1748 1092 suffragii
1785 1051 1944 1094 applicari

1207 1115 1302 1148 posse
1341 1104 1436 1137 etiam
1474 1108 1633 1147 perpetuo
1671 1104 1881 1137 concedimus
1913 1110 1946 1137 et.

1208 1158 1424 1201 indulgemus.
1457 1157 1491 1190 In
1524 1157 1722 1189 contrarium
1754 1156 1945 1190 facientibus

1208 1222 1272 1245 non
1297 1211 1499 1245 obstantibus
1524 1210 1792 1254 quibuscumque).

1252 1264 1321 1308 ᾖξ’).
1352 1264 1507 1297 Volumus
1541 1268 1649 1296 autem
1685 1268 1722 1295 ut
1757 1263 1945 1298 earumdem

1209 1316 1431 1362 praesentium
1451 1317 1633 1350 litterarum
1652 1316 1871 1359 transumptis,
1887 1327 1945 1350 seu

1210 1371 1376 1414 exemplis,
1402 1369 1498 1403 etiam
1523 1369 1704 1413 impressis,
1733 1380 1831 1402 mauu
1849 1369 1947 1403 alicu-

1211 1425 1259 1458 ius
1282 1423 1399 1457 notarii
1425 1422 1546 1467 publici
1568 1422 1774 1465 subscriptis,
1790 1427 1821 1455 et
1838 1422 1946 1465 sigillo

1210 1487 1371 1522 personae
1395 1476 1428 1508 in
1453 1474 1673 1508 ecclesiastica
1698 1474 1854 1517 dignitate
1876 1485 1949 1508 con-

1211 1531 1343 1564 stitutae
1377 1528 1528 1568 munitis,
1553 1528 1665 1560 eadem
1695 1537 1834 1571 prorsus
1869 1528 1950 1561 fides

1211 1584 1332 1627 ubique
1361 1584 1509 1616 locorum
1543 1580 1722 1621 habeatur,
1752 1591 1834 1623 quae
1867 1580 1948 1624 ipsis

1211 1636 1439 1682 praesentibus
1464 1635 1643 1667 haberetur
1668 1633 1695 1666 si
1720 1633 1830 1667 forent
1858 1633 1950 1667 exhi-

1211 1690 1299 1724 bitae
1323 1690 1374 1722 vel
1400 1693 1563 1721 ostensae.

1255 1744 1369 1777 Datum
1394 1742 1523 1781 Romae,
1546 1740 1630 1784 apud
1647 1739 1678 1773 S.
1701 1739 1831 1772 Mariam
1855 1739 1951 1773 Maio-

1212 1808 1290 1837 rem,
1317 1795 1374 1828 sub
1400 1794 1522 1827 annulo
1552 1792 1739 1833 Piscatoris‚
1766 1792 1819 1825 die
1843 1802 1881 1825 xx
1906 1792 1951 1824 ia-

1212 1849 1318 1883 nuarii
1335 1857 1450 1887 uncxc,
1471 1845 1682 1890 pontificatus
1699 1844 1804 1878 nostri
1821 1854 1908 1877 anno
1928 1854 1950 1878 1.

1247 1912 1306 1940 Dat.
1323 1911 1367 1939 die
1381 1910 1416 1937 20
1431 1908 1545 1937 ianuarii
1564 1907 1643 1942 1690,
1660 1906 1758 1943 pontif.
1774 1914 1846 1935 anno
1865 1912 1884 1934 1.

1561 2041 1598 2074 X.

1217 2124 1411 2161 Extendilur
1434 2122 1584 2155 senarius
1604 2129 1758 2154 numerus
1778 2121 1952 2162 maqistro-

1257 2189 1328 2211 rum
1352 2176 1395 2209 ad
1418 2174 1654 2208 duodenarium
1686 2183 1747 2216 pro
1779 2172 1952 2215 provincia

1258 2229 1392 2265 Baetica
1432 2227 1643 2261 eremitarum
1681 2225 1786 2258 sancti
1828 2225 1947 2268 Auyu-

1258 2284 1339 2317 stini
1351 2283 1372 2316 ².

1251 2382 1262 2409 1
1285 2380 1386 2408 Forsan
1405 2377 1550 2414 legendum
1565 2375 1707 2403 desideret
1725 2375 1763 2410 (R.
1779 2375 1827 2410 τ.).

1251 2427 1260 2453 1
1284 2425 1381 2453 Similis
1400 2422 1520 2450 extensio
1539 2430 1589 2456 pro
1610 2421 1746 2456 provincia
1761 2421 1886 2447 Per-uana
1904 2427 1952 2446 ex-

1215 2475 1250 2498 tat
1271 2471 1296 2497 in
1325 2468 1473 2496 innocentii
1499 2466 1530 2493 xi
1559 2465 1665 2493 constit.
1695 2465 1739 2492 ed.
1759 2471 1950 2496 mncrxxxvui.

1215 2517 1258 2543 die
1277 2516 1312 2541 22
1329 2512 1461 2546 ianuarii,
1486 2510 1581 2546 pontif.
1601 2517 1656 2542 x11;
1685 2513 1713 2536 et
1739 2518 1788 2544 pro
1815 2509 1952 2543 provincia

1216 2558 1334 2592 Quirensi
1353 2558 1380 2584 in
1400 2556 1479 2583 huius
1497 2554 1636 2582 Pontifieis
1656 2554 1763 2581 constit.
1785 2553 1829 2580 ed.
1850 2559 1951 2588 uncxc,

1216 2605 1258 2632 die
1278 2602 1314 2631 30
1331 2601 1442 2637 aprilis,
1463 2598 1558 2636 pontif.
1579 2604 1597 2626 t.

1982 1270 2103 1291 Clausulas.

2252 775 2254 781 .
2245 194 2254 763 -.*Q*QQ
2251 170 2254 174 r
2250 158 2254 160 .
