2227 3225
66 277 117 303 An.
139 276 166 301 C.
189 276 254 302 ¹699

86 1561 198 1583 Manaamr
209 1562 249 1582 Or-

64 1589 152 1609 dinariis

64 1621 109 1636 rum
127 1615 223 1641 promutg
231 1623 248 1635 ι-

65 1642 94 1662 tio
111 1642 208 1663 iubilant.

193 1589 217 1608 lm
227 1595 247 1608 ι)-

840 272 1050 295 ΙΝΝΟΕΕᾸΤΙΚῊ
1078 272 1121 294 Mt
1148 273 1194 294 FP.

258 333 340 357 mur.
369 322 471 367 Atque
497 321 619 355 utinam
651 320 814 354 vobiscum
833 320 902 364 pari
922 319 998 352 cha-

258 376 360 411 ritatis
389 377 538 419 amplexu
576 380 608 408 et
639 374 766 418 paterni
807 373 925 406 amoris
966 373 997 405 in

257 431 329 464 sinu
352 430 483 463 daretur
513 428 664 471 excipere
700 427 784 461 tilios
820 428 897 461 olim
940 437 998 459 no-

257 491 351 523 stros,
378 493 463 516 nunc
488 487 596 515 autem
623 483 662 514 ab
688 481 831 515 Ecclesia
859 480 997 514 transsu-

257 548 334 580 gas,
362 536 416 580 qui
449 536 536 569 iuxta
561 546 619 569 nos
645 541 748 575 erant,
777 541 808 568 et
833 536 871 568 dc
901 536 998 577 longe

257 595 428 631 steterunt,
455 590 646 623 recedentes
663 601 680 622 a
701 588 762 622 tide
782 594 908 632 patrum
927 598 1000 620 suo-

257 655 340 684 rum,
365 649 398 677 et
422 649 604 676 avertentes
636 654 669 676 se
695 643 733 675 ab
759 643 860 676 ubere
886 641 999 674 matris

257 707 344 737 suae,
371 697 457 740 quod
482 697 551 729 sine
578 696 665 739 gravi
684 706 831 728 maerore
852 696 999 728 recolere

258 761 322 784 non
348 752 519 790 valemus;
554 750 767 792 deceptarum
798 749 919 792 quippe
955 753 1001 780 tot

260 804 442 837 animarum
471 803 582 835 ruinas
607 813 679 835 cuin
702 802 778 834 ssctu
798 807 830 834 et
851 800 999 844 lacrymis

259 857 461 896 miseramur,
489 861 690 899 exequentes
715 855 914 899 apostolicae
933 854 1001 897 pie·

259 911 331 944 tatis
357 911 562 954 exemplum,
589 914 624 942 ut
648 920 720 943 cum
760 908 999 942 infirmantibus

257 964 473 998 infirmemur.
508 964 546 997 Et
577 964 651 1007 quia
688 974 747 997 nos
780 963 848 996 cius
882 964 1000 1002 locum,

257 1019 335 1052 licet
358 1017 525 1058 immeriti,
553 1023 665 1050 tenere
691 1017 919 1061 conspicimus,
945 1016 999 1059 qui

259 1071 347 1105 venit
360 1081 513 1104 revocare
532 1071 696 1114 dispersos
715 1071 745 1103 in
765 1076 884 1103 terram
900 1079 1000 1109 suam,

260 1135 337 1158 oves
362 1135 445 1168 quae
470 1124 652 1168 perierunt,
673 1123 811 1156 assiduis
839 1124 878 1156 ad
899 1123 999 1156 Deum

259 1178 352 1217 rotis,
368 1183 520 1221 repetere
543 1183 574 1210 et
599 1177 752 1221 pastorali
779 1176 1000 1210 sollicitudine

260 1241 419 1275 quaerere
445 1241 510 1264 non
547 1231 740 1270 desistimus,
766 1232 945 1263 clamantes
971 1235 1002 1262 et

259 1284 433 1317 invitantes
450 1288 484 1315 ut
502 1289 704 1316 revertantur
725 1283 1001 1326 praevaricatores

259 1337 299 1371 ad
320 1348 387 1377 cor,
415 1337 571 1380 omnique
597 1337 760 1370 haeretica
777 1337 931 1380 pravitate
951 1336 1005 1369 de-

259 1391 376 1435 posita,
402 1390 583 1423 catholicae
608 1390 750 1422 veritatis
777 1391 886 1423 lumen
908 1400 1004 1432 agno-

259 1450 359 1484 scant,
379 1450 410 1477 et
427 1444 467 1477 ad
492 1449 621 1476 sanctae
647 1444 756 1476 matris
773 1444 936 1476 Ecclesiae
954 1454 1004 1476 re-

260 1497 357 1530 deant
385 1498 556 1529 unitatem.

303 1551 318 1594 ξ
342 1549 374 1584 3.
402 1549 463 1582 Vos
481 1555 588 1582 autem
604 1549 635 1581 in
654 1548 778 1592 primis,
799 1548 1002 1582 venerabiles

260 1604 376 1637 fratres
400 1603 505 1636 nostri
531 1602 744 1647 patriarchae,
763 1603 932 1646 primates,
955 1613 1003 1635 ar-

260 1657 465 1701 chiepiscopi
502 1662 534 1690 ct
566 1657 734 1700 episcopi,
762 1657 808 1689 sal
841 1662 947 1689 terrae
974 1662 1005 1690 et

260 1711 313 1743 lux
351 1711 464 1743 mundi
490 1720 507 1742 a
531 1709 669 1742 Domino
695 1709 882 1750 constituti,
909 1715 939 1743 et
965 1710 1004 1742 ad

262 1764 401 1797 dandam
426 1763 593 1796 scientiam
615 1763 729 1796 salutis
754 1763 843 1806 plebi
872 1763 951 1803 eius,
972 1764 1004 1796 in

261 1817 464 1851 consortium
492 1822 622 1850 nostrae
650 1816 881 1849 sollicitudinis
907 1817 1005 1850 advo-

263 1870 334 1910 cati,
360 1870 523 1903 dominico
549 1869 639 1912 gregi
667 1869 875 1902 devotionem
908 1870 1004 1902 oflicii

260 1924 435 1968 pastoralis
471 1923 671 1967 impendite,
706 1928 817 1955 vocate
851 1929 1002 1966 coetum,

262 1984 458 2020 congregate
475 1977 647 2020 populum,
667 1987 807 2020 ovesque
826 1977 918 2010 vobis
936 1988 1006 2010 cre-

262 2032 344 2066 ditas
369 2032 408 2064 ad
434 2032 532 2075 primi
570 2036 643 2075 post
667 2031 828 2064 Christum
865 2031 1004 2074 pastoris

260 2087 348 2119 beati
375 2085 457 2118 Petri
495 2085 604 2118 sedem
630 2085 794 2124 adducite,
815 2090 859 2124 ut,
885 2096 1004 2118 conve-

262 2138 428 2171 nientibus
453 2138 674 2181 undequaque
712 2138 750 2170 ad
780 2136 854 2170 fidei
882 2142 1005 2181 petram

262 2196 293 2224 et
313 2191 493 2224 catholicae
513 2190 645 2223 unitatis
661 2191 905 2223 fundamentum
924 2191 1007 2223 chri-

262 2244 467 2283 stifidelibus,
493 2255 558 2277 una
582 2244 747 2278 Ecclesiae
774 2244 854 2277 sides
873 2251 905 2277 et
923 2255 1006 2277 unus

261 2297 400 2340 Spiritus
424 2298 540 2330 clarius
566 2303 695 2341 pateat,
725 2304 820 2341 atque
846 2298 900 2330 uni
927 2298 1001 2330 visi-

261 2350 319 2383 bili
340 2351 449 2393 capiti,
463 2350 582 2384 Christi
602 2351 633 2383 in
653 2351 746 2383 terris
760 2351 889 2391 vicario,
908 2362 1006 2383 mem-

261 2403 393 2437 brorum
410 2405 479 2437 eius
495 2410 653 2448 perpetua
668 2411 763 2448 atque
778 2405 916 2438 indivisa
930 2416 1006 2438 con-

265 2456 386 2490 iunctio
413 2458 580 2491 charitatis
607 2459 733 2501 ghitino
760 2464 1004 2500 coagmentata,

263 2510 349 2543 unde
375 2521 473 2543 unum
500 2510 616 2544 Christi
643 2522 760 2555 corpus
782 2512 929 2552 eflicitur,
949 2513 1003 2545 toti

264 2564 385 2596 mundo
412 2564 615 2606 splendidius
642 2566 816 2597 elucescat.
845 2565 947 2598 Dicite
972 2565 1004 2597 in

1682 263 1745 295 870

1042 321 1186 363 populus
1211 318 1336 352 eisdem
1363 319 1459 352 simul
1486 319 1584 352 instat
1608 320 1734 361 officiis,
1755 326 1787 354 et

1043 373 1076 406 in
1101 376 1241 415 utroque
1267 382 1344 405 sexu
1372 382 1488 404 omnes
1515 372 1642 414 gradus,
1662 384 1786 406 omncs-

1043 436 1105 469 que
1132 425 1265 458 ordines
1292 424 1413 457 sanctis
1439 425 1595 467 operibus
1622 435 1687 457 uno
1713 436 1785 458 coo-

1042 484 1200 523 perantur
1221 478 1355 518 allectiv,
1383 478 1574 521 plenissima
1595 478 1680 510 enim
1701 480 1784 511 ohti-

1042 539 1137 566 nctur
1162 538 1368 576 peccatorum
1395 531 1539 570 abolitio,
1565 531 1697 574 quando
1723 543 1786 565 una

1043 592 1092 619 est
1116 585 1279 620 Ecclesiae
1305 585 1402 618 totius
1440 584 1556 617 oratio.
1585 585 1785 618 Annunciatc

1043 640 1175 683 populis
1211 650 1330 672 annum
1369 639 1607 682 acceptabilem
1632 639 1783 680 Domino,

1044 693 1232 726 caelestium
1269 693 1445 735 gratiarum
1482 693 1631 725 ubertate
1668 692 1786 725 redun-

1044 746 1185 785 dantem,
1203 756 1299 788 quem
1317 745 1454 789 proinde
1473 744 1585 778 fideles
1608 745 1714 778 cuncti
1732 745 1785 789 pia

1044 799 1219 832 devotione
1246 799 1440 842 suscipiant,
1464 804 1495 831 et
1515 799 1678 832 bonorum
1706 809 1786 842 ope-

1043 864 1115 885 rum
1138 853 1400 896 frequentatione
1427 852 1643 885 sanctificent.
1666 853 1785 886 Docetc

1044 917 1169 946 omnes,
1195 917 1287 939 sacro
1313 907 1375 939 hoc
1401 907 1604 950 potissimum
1630 912 1784 950 tempore,

1044 972 1060 994 a
1078 961 1217 1004 peccatis
1238 961 1413 1001 abstinere,
1437 960 1720 1004 intemperantiam
1739 961 1787 993 su-

1044 1025 1131 1057 gere,
1149 1020 1180 1047 et
1202 1015 1344 1058 turpium
1369 1015 1572 1058 voluptatum
1600 1014 1716 1047 damna
1741 1014 1786 1047 vi-

1046 1075 1133 1109 tare,
1154 1069 1414 1112 enumdatosque
1450 1068 1489 1101 ab
1516 1069 1604 1101 omni
1630 1068 1784 1112 inquina-

1045 1128 1156 1156 mento
1182 1122 1290 1156 carnis
1316 1128 1348 1155 et
1373 1121 1507 1164 spiritus
1532 1121 1683 1155 caelestia
1708 1131 1786 1154 con-

1046 1177 1228 1220 cupiscere,
1256 1182 1286 1209 et
1311 1175 1343 1208 in
1369 1186 1511 1209 amorem
1537 1186 1571 1208 se
1591 1175 1788 1218 incorrupti-

1046 1229 1120 1263 bilis
1154 1230 1231 1263 boni
1267 1235 1361 1273 atque
1394 1229 1427 1261 in
1464 1239 1555 1272 spem
1586 1239 1680 1261 verae
1706 1229 1786 1262 lucis

1047 1284 1207 1316 attollere.
1224 1283 1431 1316 Detumescat
1456 1282 1620 1326 superbia,
1645 1293 1787 1315 mansue-

1047 1343 1097 1369 cat
1130 1336 1321 1377 iracundia,
1348 1341 1475 1369 cessent
1508 1336 1602 1375 odia,
1638 1335 1789 1369 deficiant

1048 1391 1243 1430 simultates,
1278 1395 1309 1422 et
1345 1390 1376 1422 in
1413 1389 1569 1422 unitatem
1603 1389 1788 1422 dilectionis

1048 1444 1156 1477 omnia
1181 1443 1299 1476 Christi
1326 1443 1471 1475 membra
1497 1443 1703 1475 conveniant.
1731 1442 1788 1481 Qui

1048 1508 1124 1531 vero
1150 1497 1363 1530 substantiam
1388 1496 1484 1529 huius
1509 1497 1621 1529 mundi
1649 1497 1786 1537 habent,

1047 1551 1136 1584 veliis
1161 1550 1424 1594 praedicantibus
1450 1550 1577 1583 discant
1597 1560 1661 1582 non
1687 1549 1719 1582 in
1745 1550 1790 1582 in-

1048 1609 1136 1637 certo
1173 1604 1357 1637 divitiarum
1394 1604 1580 1643 contidere,
1618 1603 1673 1636 sed
1701 1603 1788 1636 omni

1049 1658 1201 1691 avaritiae
1221 1658 1293 1691 lahe
1308 1657 1464 1701 deposita,
1480 1658 1519 1690 ad
1539 1658 1788 1701 promerendam

1049 1711 1306 1745 misericordiam
1327 1711 1383 1744 Dei
1409 1721 1469 1755 per
1489 1721 1589 1754 opera
1608 1711 1789 1744 misericor-

1050 1765 1121 1798 diae
1140 1775 1174 1798 se
1192 1775 1381 1808 preparare.
1401 1764 1560 1808 Aperiant
1576 1765 1701 1797 viscera
1718 1775 1788 1805 sua,

1050 1824 1082 1851 et
1106 1819 1238 1851 li‘atrum
1275 1828 1411 1851 suorum
1437 1828 1619 1861 pauperum
1645 1817 1790 1861 inopiam

1050 1873 1230 1911 sublevent,
1256 1882 1291 1904 ac
1316 1871 1512 1915 peregrinos
1539 1871 1714 1915 praecipue
1733 1872 1790 1906 Ro-

1050 1937 1134 1958 mam
1160 1926 1328 1958 venientes
1355 1926 1509 1958 subsidiis
1535 1926 1710 1964 adiuvent,
1737 1927 1790 1960 ho-

1050 1980 1148 2022 spitio
1163 1980 1335 2022 excipiant,
1352 1979 1570 2022 omnibusque
1589 1979 1790 2012 christianae

1051 2033 1215 2065 charitatis
1250 2032 1363 2065 officiis
1388 2038 1642 2075 prosequantur.
1672 2032 1790 2065 Omnes

1051 2092 1173 2125 autern,
1200 2091 1235 2118 ut
1268 2091 1359 2118 vetus
1391 2085 1556 2118 Ecclesiae
1590 2087 1790 2119 consuetudo

1051 2139 1230 2182 apostolico
1264 2150 1321 2172 ore
1358 2139 1485 2172 laudata
1522 2150 1581 2172 nos
1614 2140 1788 2181 admonet,

1050 2198 1144 2226 orent
1171 2203 1231 2236 pro
1257 2192 1389 2234 regibus
1419 2198 1449 2226 et
1477 2193 1679 2236 principibus
1705 2195 1791 2227 chri-

1051 2246 1173 2285 stianis,
1195 2251 1229 2277 ut
1247 2245 1389 2288 quietam
1413 2251 1444 2278 et
1467 2247 1674 2289 tranquillam
1694 2247 1790 2280 vitam

1051 2309 1200 2342 agamus,
1228 2305 1260 2332 et
1284 2310 1342 2342 pax
1369 2305 1402 2332 et
1426 2300 1602 2332 concordia
1628 2306 1789 2343 perpetuo

1050 2360 1270 2386 conservetur.
1297 2353 1358 2386 Eos
1383 2364 1494 2396 porro,
1518 2354 1572 2397 qui
1590 2365 1713 2386 sacram
1735 2365 1791 2397 pe-

1050 2406 1306 2448 regrinationem
1344 2407 1381 2439 ad
1410 2407 1493 2440 lianc
1528 2408 1644 2439 almam
1670 2407 1788 2440 Urbem

1051 2465 1194 2492 nostram
1219 2460 1443 2503 susceperint,
1471 2461 1614 2503 paternis
1641 2461 1790 2493 exhorta-

1050 2513 1228 2545 tationibus
1268 2512 1465 2556 specialibus
1502 2513 1694 2552 admonete,
1728 2524 1791 2556 qua

1050 2565 1158 2598 cordis
1185 2566 1358 2599 devotione
1385 2573 1415 2599 et
1440 2566 1599 2598 modestia
1627 2576 1662 2598 ac
1685 2567 1792 2599 frater-

264 2617 428 2659 gentibus,
446 2627 541 2659 quam
556 2628 706 2660 magnum
724 2624 755 2650 et
775 2619 804 2650 in
824 2624 1003 2661 conspectu
1049 2630 1108 2651 nae
1125 2619 1213 2661 pacis
1232 2619 1460 2652 observatione
1481 2619 1601 2661 uhique
1619 2629 1650 2650 se
1667 2625 1791 2660 gerant,

262 2669 389 2704 Domini
415 2670 595 2713 pretiosum
615 2671 656 2703 sit
680 2681 753 2704 cum
773 2677 857 2704 totus
883 2671 1002 2706 Christi
1048 2672 1214 2706 utChristi
1234 2673 1337 2706 bonus
1357 2673 1439 2706 odor
1453 2672 1530 2705 fiant
1548 2673 1578 2705 in
1598 2674 1686 2706 omni
1705 2674 1792 2708 loco,

1792 274 1842 298 Au.
1865 274 1892 299 (ἶ.
1915 275 1967 299 ihs!
