2227 3225
123 240 174 266 An.
191 239 220 268 C.
243 239 310 267 ¹695

314 287 422 320 iuvare
454 285 522 319 ullo
558 285 656 318 modo
680 293 824 328 unquam
847 294 964 328 posse,
991 285 1051 317 sie-

315 350 378 383 que
397 344 429 372 et
444 349 511 372 non
530 338 667 371 aliterin
686 338 874 381 praemissis
888 348 945 381 per
957 348 1052 381 quos-

314 401 450 434 cumque
474 391 597 424 iudices
621 390 803 424 ordinarios
824 395 854 423 et
875 390 1050 433 delegatos,

315 444 412 478 etiam
440 455 606 478 causarum
630 444 742 488 palatii
767 443 936 487 apostolici
962 443 1053 476 audi-

315 502 410 537 tores,
435 508 471 530 ac
502 496 683 530 cardinales
707 501 739 529 et
762 497 898 539 legatos,
923 506 1052 529 necnon
1072 498 1073 538 l

314 550 451 583 nuncios
477 555 508 583 et
525 549 606 583 alios
631 549 805 593 praefatos,
826 559 912 583 nune
938 553 970 582 ct
993 558 1051 592 pro

316 608 463 647 tempore
489 604 680 644 existentes,
707 604 835 636 sublata
859 602 982 646 pariter
1006 602 1052 635 eis

315 660 348 690 et
367 667 481 689 eorum
499 657 632 690 cuilibet
649 656 760 700 quavis
780 656 872 689 aliter
889 654 1052 688 iudicandi

316 713 347 742 et
371 708 606 752 interpretandi
633 709 783 742 facultate
809 708 1051 748 etauctoritate,
1072 721 1075 735 ι

314 761 454 794 iudicari
490 767 521 795 et
551 762 678 795 definiri
708 762 838 802 debere,
867 771 902 794 ac
926 760 1052 793 irritum

315 819 346 847 et
370 814 479 855 inane,
496 815 522 847 si
541 825 633 847 secus
659 824 755 858 super
774 814 825 847 his
844 825 861 847 a
879 824 1051 857 quoquam,

314 868 429 911 quavis
454 867 653 907 auctoritate,
672 867 814 900 scienter
836 867 885 900 vel
902 867 1054 910 ignoran-

315 926 374 961 ter,
404 921 577 964 contigerit
602 920 767 954 attentari.

359 974 374 1017 ἓ
391 973 421 1006 5.
439 973 625 1007 Mandantes
642 979 818 1017 propterea
835 973 962 1007 dilectis
980 974 1053 1007 filiis

314 1027 480 1070 prioribus
505 1027 759 1070 provincialibus
791 1027 1050 1070 provinciarum,

314 1090 443 1113 necnon
457 1080 584 1113 vicariis
601 1079 896 1123 Congregationum
909 1090 1053 1123 quarum-

313 1133 360 1165 vis
379 1133 456 1166 dieti
467 1132 595 1166 Ordinis
612 1133 809 1176 ubicumque
827 1133 1052 1173 existentibus,

314 1186 348 1218 in
373 1186 490 1219 virtute
516 1191 647 1219 sanctae
673 1186 889 1227 obedientiae,
922 1197 959 1219 ac
991 1187 1051 1219 sub

313 1239 503 1283 privationis
529 1239 706 1273 officiorum
731 1250 789 1283 per
814 1250 870 1272 eos
904 1240 1053 1272 obtento-

313 1302 395 1334 rum,
421 1298 664 1336 perpetuaeque
691 1293 729 1326 ad
755 1293 811 1326 illa
827 1297 859 1325 et
876 1292 937 1325 alia
955 1303 1053 1335 quae-

314 1346 397 1379 libet
414 1345 446 1378 in
461 1351 627 1389 posterum
644 1345 823 1378 obtinenda
837 1345 1051 1378 inhabilitatis

313 1399 436 1442 poenis,
462 1403 497 1430 ut
521 1398 608 1441 ipsas
641 1403 829 1441 praesentes
865 1398 988 1430 litteras
1019 1398 1051 1430 in

313 1451 379 1485 suis
405 1451 542 1494 quisque
566 1451 741 1494 provinciis
767 1456 798 1484 et
822 1451 1053 1494 Congregatio-

313 1505 410 1537 nibus
441 1504 625 1547 respective
659 1504 898 1547 quamprimum
937 1515 1053 1538 execu-

313 1556 394 1589 tioni
421 1557 622 1596 demandari,
641 1567 677 1590 ac
695 1557 929 1590 inviolabiliter
946 1558 1053 1591 obser-

313 1610 393 1651 vari,
427 1610 567 1653 illasque
605 1611 636 1642 in
673 1611 818 1653 proxime
856 1612 1052 1645 celebrando

316 1664 461 1707 capitulo
487 1664 644 1696 dictarum
672 1665 911 1707 provinciarum
931 1672 959 1699 et
979 1666 1053 1699 Con·
1073 1660 1074 1663 ¹

315 1717 549 1759 gregationum,
588 1722 656 1749 toto
683 1719 870 1751 carumdem
894 1730 1053 1762 praesen-

316 1768 395 1801 tium
421 1775 533 1801 tenore
554 1769 586 1801 in
612 1770 689 1802 actis
710 1771 839 1813 capituli
866 1772 1052 1806 huiusmodi

319 1822 356 1854 ad
384 1827 572 1865 perpetuam
598 1822 645 1854 rei
669 1823 853 1856 memoriam
874 1826 984 1866 relato,
1003 1837 1054 1860 so-

316 1874 469 1907 lemniter
492 1875 655 1918 publicari
681 1882 797 1908 curent
822 1871 853 1909 et
877 1878 1007 1911 saciant.

360 1927 374 1970 ξ
400 1926 431 1959 6.
465 1927 534 1959 Non
554 1927 758 1961 obstantibus
782 1931 981 1972 praemissis,
1008 1943 1052 1972 ac,

316 1985 475 2023 quatenus
494 1990 575 2022 opus
592 1980 645 2021 sit,
661 1982 771 2013 nostra
789 1988 820 2014 et
837 1982 1054 2018 Cancellariae

315 2034 519 2076 Apostolicae
539 2036 651 2076 regula
676 2035 715 2067 de
734 2035 802 2068 iure
824 2038 971 2079 quaesito
989 2049 1054 2071 non

315 2087 461 2119 tollendo
479 2113 486 2126 ,
524 2087 662 2130 aliisque
698 2089 986 2124 constitutionibus
1024 2098 1056 2125 et

314 2139 577 2172 ordinationibus
594 2141 796 2184 apostolicis,
814 2153 938 2176 necnon
958 2146 1056 2178 omni·
1074 2181 1075 2197 ¹

313 2192 373 2225 bus
393 2198 425 2225 et
443 2193 581 2236 singulis
597 2193 673 2234 illis,
694 2206 777 2238 quae
796 2195 826 2228 in
843 2197 1054 2240 praeinsertis

314 2245 493 2279 Innocentii
510 2247 772 2290 praedecessoris
791 2249 907 2283 litteris
925 2262 1055 2285 conces-

316 2308 352 2331 sa
376 2304 451 2331 sunt
471 2309 536 2332 non
556 2300 685 2334 obstare
702 2328 708 2341 ‚
731 2303 911 2346 ceterisque
929 2311 1056 2338 eontra-

316 2351 374 2384 riis
395 2352 668 2397 quibuscumque.

362 2404 376 2447 ἓ
402 2404 432 2438 7.
459 2405 611 2440 Volumus
650 2414 756 2441 autem
793 2414 828 2442 ut
867 2412 1053 2445 earumdem

319 2459 535 2502 praesentium
556 2460 736 2494 litterarum
763 2465 983 2507 transumptis,
1000 2476 1054 2498 seu
1075 2472 1077 2490 ³

191 986 303 1008 ,tranuntur

120 1015 224 1035 executio.

148 1935 305 1957 Contrariorum

121 1962 240 1988 derogatio.

164 2407 227 2429 Fides
250 2410 307 2430 tran·

124 2439 262 2462 sumptorum.

320 2511 486 2554 exemplis,
506 2513 601 2546 etiam
627 2514 807 2557 impressis,
835 2528 937 2548 manu
960 2519 1055 2550 alirn-
1076 2527 1077 2544 ³

320 2563 369 2595 ius
388 2564 506 2596 notarii
529 2566 650 2607 publici
676 2568 875 2610 subscriptis,
895 2575 926 2601 et
950 2570 1056 2612 sigillo
1076 2561 1077 2566 ¹

320 2626 480 2659 personae
506 2618 537 2650 in
562 2622 779 2655 ecelesiastica
801 2623 956 2665 dignitate
983 2613 1080 2662 con-l

896 235 1106 261 INNOCENTIUS
1129 236 1176 262 XII
1197 237 1245 262 PP.

1725 235 1787 268 72³,

1093 285 1223 318 stitutae
1261 286 1414 327 munitis,
1448 287 1559 321 eadem
1592 300 1724 332 prorsus
1748 291 1826 325 stdt‘S

1094 339 1215 382 ubique
1247 340 1392 373 locorum
1427 346 1489 374 tam
1522 342 1553 374 iu
1587 342 1705 377 iudicio
1732 356 1828 387 (piant

1095 397 1185 425 extra
1216 393 1295 426 illud
1326 393 1497 434 habeatur,
1522 406 1603 438 quae
1629 395 1707 438 ipsis
1739 408 1829 438 prae-

1094 445 1239 478 sentibus
1273 446 1450 480 haberetur
1474 447 1499 480 si
1536 448 1640 480 forent
1667 449 1829 483 exhibitae

1094 499 1144 531 vel
1170 504 1333 532 ostensae.

1138 551 1250 584 Datum
1275 552 1406 593 Romae,
1431 554 1514 596 apud
1540 554 1570 587 S.
1592 555 1720 588 Mariam
1737 556 1832 590 Maio-

1096 615 1176 645 rem,
1203 605 1264 637 sub
1289 608 1409 640 annulo
1434 607 1616 647 Piscatoris,
1635 608 1685 641 die
1703 619 1765 642 xxn
1784 620 1833 642 sc-

1095 658 1253 701 ptembris
1278 669 1415 700 unexcv,
1433 660 1639 703 pontificatus
1659 663 1758 694 nostri
1778 674 1832 696 an-

1096 721 1137 744 no
1163 721 1193 744 v.

1131 774 1190 801 Dat.
1207 774 1252 802 die
1268 774 1302 802 ‘22
1317 775 1480 811 septembris
1498 776 1574 810 1095,
1597 777 1690 812 pontif.
1708 785 1777 806 auno
1794 785 1818 805 V.

1410 892 1513 926 CXIX.

1097 961 1318 1004 Confirmatio·
1334 963 1493 996 decretum
1513 963 1654 1006 capituli
1671 965 1834 1006 (sezzcralis

1139 1016 1224 1047 circa
1243 1016 1425 1048 electionem
1445 1021 1535 1049 eoetra
1553 1017 1733 1059 capitulum
1749 1018 1835 1060 prio-

1139 1069 1186 1100 ris
1210 1069 1258 1100 vel
1282 1069 1463 1114 (Iefiniloris
1486 1070 1649 1110 oetam-alis
1688 1070 1830 1112 sonqre-

1139 1121 1282 1163 qationis
1313 1121 1495 1164 Hispaniae
1526 1123 1668 1164 fratrum
1698 1123 1833 1156 Carme-

1141 1174 1278 1207 lilarum
1300 1174 1321 1207 ¹.

1271 1246 1468 1273 Innocentius
1488 1247 1566 1280 Papa
1586 1247 1650 1280 XII,

1237 1290 1273 1316 ad
1293 1290 1427 1318 futuram
1447 1291 1490 1318 rei
1509 1291 1691 1318 memoriam.

1139 1350 1153 1393 g
1171 1350 1202 1383 1.
1221 1351 1345 1394 Expoui
1365 1352 1459 1384 nobis
1480 1363 1584 1395 nuper
1604 1353 1678 1385 fecit
1695 1353 1832 1387 dilectus

1095 1403 1254 1446 Iosephus
1282 1415 1298 1436 a
1322 1404 1376 1437 SS.
1397 1404 1615 1444 Sacramento,
1641 1413 1832 1448 procurator

1073 1499 1074 1503 Ἰ
1096 1455 1257 1498 generalis
1282 1456 1549 1499 Congregationis
1572 1458 1748 1500 Hispaniae
1774 1460 1833 1492 sra-

1096 1515 1181 1542 trum
1207 1509 1336 1542 Ordinis
1363 1510 1397 1542 B.
1426 1510 1543 1543 Mariae
1571 1512 1609 1543 de
1635 1512 1742 1544 Monte
1763 1512 1834 1544 Car-

1096 1563 1181 1595 melo
1199 1562 1475 1603 Excalceatorum,
1491 1564 1588 1606 quod,
1606 1575 1677 1597 cum
1704 1565 1735 1596 in
1754 1565 1834 1598 Con-

1097 1616 1286 1658 gregatione
1324 1616 1491 1658 praefata,
1519 1617 1607 1649 iuxta
1645 1617 1713 1650 eius
1749 1628 1831 1650 con-

1096 1669 1283 1701 stitutiones
1324 1680 1340 1702 a
1376 1670 1458 1703 Sede
1491 1670 1679 1713 Apostoliea
1710 1682 1831 1714 appro-

1096 1722 1202 1760 batas,
1231 1722 1451 1755 definitorium
1486 1724 1637 1765 gencrale
1664 1734 1699 1756 ex
1726 1724 1835 1767 priore

1096 1775 1240 1818 generali
1259 1775 1307 1807 et³
1319 1786 1373 1808 sex
1390 1776 1617 1809 definitoribus
1627 1777 1835 1819 generalibus

1097 1834 1327 1872 romponattn·3
1347 1829 1379 1861 in
1398 1835 1547 1862 eventum
1568 1841 1650 1869 vero,
1670 1841 1733 1873 quo
1751 1831 1836 1863 intra

1073 1920 1075 1922 Ι
1098 1887 1234 1924 tempus,
1255 1882 1339 1924 quod
1365 1882 1403 1914 ab
1428 1893 1492 1916 uno
1519 1884 1661 1926 capitulo
1689 1885 1835 1927 generali

1098 1934 1244 1967 ejusdcm
1266 1935 1534 1978 Congr‹2·gationis
1560 1937 1599 1969 ad
1625 1937 1712 1969 aliud
1731 1938 1833 1970 inter-

1097 1987 1205 2028 cedit,
1236 1998 1322 2020 mors
1351 1998 1407 2021 seu
1437 1989 1559 2022 vacatio
1587 1989 1689 2032 ipsius
1719 1991 1836 2033 prioris

1098 2041 1256 2082 generaIIs
1282 2051 1338 2073 seu
1372 2041 1507 2074 alieuius
1540 2053 1576 2075 ex
1610 2042 1836 2076 definitoribus

1097 2092 1302 2135 generalibus
1329 2094 1482 2136 praefatis
1508 2101 1681 2137 sequatur,
1718 2097 1835 2129 electio

1096 2146 1205 2178 vicarii
1243 2147 1404 2189 generalis
1437 2158 1493 2180 seu
1538 2149 1718 2181 delinitoris
1754 2150 1832 2181 sub-

1074 2200 1232 2242 11·0gandi
1265 2211 1365 2243 usque
1405 2201 1443 2233 ad
1480 2201 1621 2234 futurum
1658 2202 1836 2244 capitulum

1098 2254 1247 2295 generale
1281 2254 1367 2286 iuxta
1399 2254 1649 2287 constitutimies
1676 2256 1834 2297 praefatas

1098 2307 1136 2339 ad
1161 2306 1332 2349 religiosos
1362 2307 1395 2339 in
1421 2307 1536 2340 eodem
1563 2308 1748 2341 delinitorio
1780 2320 1835 2351 ge-

1135 2414 1144 2438 1
1168 2412 1265 2439 Extant
1285 2412 1337 2439 alia
1351 2413 1462 2440 decreta
1478 2422 1524 2449 pro
1541 2423 1605 2449 paee
1622 2414 1691 2441 inter
1706 2414 1754 2442 hos
1773 2415 1835 2442 reli-

1097 2457 1186 2491 giosos
1206 2457 1337 2483 servanda
1357 2458 1383 2483 in
1405 2459 1510 2484 constit.
1533 2459 1575 2484 ecl.
1599 2465 1717 2491 nncxcu,
1739 2459 1780 2484 die
1801 2459 1834 2484 2²2

1076 2500 1077 2523 ἶ
1099 2501 1268 2534 novembris,
1291 2502 1384 2536 pontif.
1408 2509 1442 2531 tt,
1467 2506 1491 2528 et
1512 2503 1583 2528 aliud
1605 2503 1742 2529 decim-:um
1763 2504 1834 2530 circa

1099 2546 1226 2580 pecunias
1246 2554 1295 2580 pro
1316 2547 1450 2581 provincia
1477 2549 1585 2573 romana
1601 2549 1626 2573 in
1643 2547 1785 2573 Clementis
1800 2548 1834 2574 XI

1100 2595 1182 2616 ronst.
1209 2590 1252 2616 cd.
1274 2597 1372 2624 itincex,
1393 2591 1436 2617 ‹lie
1456 2591 1489 2617 ⁶20
1509 2592 1680 2625 septembris,
1697 2592 1789 2626 pontis,
1806 2600 1831 2619 x.

1134 2634 1149 2659 '⁹2
1171 2634 1314 2662 Coniunct.
1337 2639 1361 2663 et
1382 2644 1431 2662 uos
1452 2635 1576 2662 addimus
1596 2643 1634 2670 tn.
1651 2639 1699 2670 T.).

1835 245 1883 272 An.
1901 245 1928 272 C.
1953 246 2017 273 1695

1891 1369 1959 1390 Tener
1976 1369 2026 1390 dictt

1843 1395 1932 1417 decreti.
