2254 3225
208 192 293 217 Aac
327 190 393 216 1⁴29ss
439 180 502 214 530

394 238 608 271 invalidorum
648 237 686 270 ad
737 237 872 270 sormam
912 235 1131 280 praesentium

395 291 563 324 constituti
600 296 632 324 et
667 289 868 330 confirmati,
906 295 937 322 et
971 288 1132 321 mediante

395 344 532 388 praefati
558 344 730 387 hospitalis
761 343 985 376 mendicorum
1013 342 1132 374 unione

396 397 553 441 ampliati,
574 397 604 430 in
632 396 782 440 proprios
808 407 884 429 usus
909 401 940 428 et
963 395 1132 427 utilitatem

396 457 600 490 convertere,
641 450 782 483 cuiusvis
823 449 954 482 licentia
993 449 1134 489 desuper

396 504 528 537 minime
555 503 734 546 requisita3
761 502 805 534 ita
826 502 922 534 etiam
948 501 1035 544 quod
1059 510 1134 542 pau-

397 567 490 600 peres
522 557 690 598 utriusque
727 565 821 587 sexus
857 554 932 586 dicti
964 551 1135 594 hospitalis

396 610 619 643 mendicorum
652 619 711 651 per
740 612 927 650 praesentes
960 605 1041 638 uniti
1076 605 1134 636 sub

397 663 534 706 praefati
561 661 691 704 hospitii
718 670 898 703 pauperum
919 657 1135 691 invalidorum

397 726 457 758 per
492 725 558 754 nos,
586 720 620 746 ut
645 714 840 756 praefertur,
866 712 973 752 erecti,
1000 716 1032 744 et
1067 720 1135 742 me-

398 768 506 801 diante
533 767 720 800 huiusmodi
747 766 869 798 unione
895 764 1054 808 ampliati,
1081 773 1135 796 seu

398 821 431 852 in
454 831 553 852 unum
580 819 714 860 redacti,
736 819 892 858 instituto,
919 817 1053 860 regulis,
1080 821 1137 848 sta-

399 873 476 905 tutis
504 877 535 905 et
561 871 821 905 ordinationibus
854 871 885 903 in
919 869 1070 903 omnibus
1108 874 1138 901 et

399 937 458 969 per
488 925 596 958 omnia
621 926 770 964 alantur,
797 924 991 966 dirigantur,
1020 923 1138 965 guber-

398 984 515 1011 nentur
533 984 565 1011 et
582 978 701 1020 vivant)
715 977 903 1010 earumdem
923 982 1035 1009 tenore
1050 985 1138 1018 prae-

399 1031 540 1065 sentium
577 1036 738 1074 perpetuo
776 1029 974 1072 amplissime
1008 1034 1039 1061 et
1070 1029 1139 1071 ple-

398 1084 531 1116 nissime
549 1089 580 1116 et
605 1082 869 1121 irrevocabiliter,
890 1081 1058 1125 omnique¹
1078 1091 1139 1114 nie-

398 1137 479 1177 liori,
507 1136 653 1169 validiori
683 1141 714 1168 et
743 1135 915 1168 efficaciori
947 1135 1052 1174 modo,
1073 1133 1140 1166 uni-

398 1200 481 1229 mus,
520 1189 732 1230 assignandis,
769 1188 986 1231 applicamus,
1023 1197 1140 1230 appro-

399 1242 551 1285 priamus,
576 1252 789 1284 aggregamus
815 1247 847 1274 et
878 1240 1138 1283 incorporamus,

399 1307 435 1328 ae
461 1306 561 1328 unum
600 1296 748 1337 idemque
784 1295 964 1337 hospitium
995 1305 1139 1337 opusque

399 1349 488 1392 pium
514 1347 743 1381 constituimus
771 1353 801 1380 et
827 1347 972 1379 facimus.
998 1347 1140 1390 Cumque

399 1403 564 1446 praestitus
585 1401 691 1434 Sixtus
717 1401 953 1444 praedeeessor
979 1401 1140 1442 hospitale

400 1455 603 1497 praedictum
630 1455 853 1487 mendicorum
869 1480 876 1494 ,
901 1458 935 1485 ut
959 1453 1142 1496 praefertur

400 1507 535 1546 unitum,
563 1507 594 1538 in
621 1506 715 1538 dictis
741 1506 906 1549 prioribus
932 1506 999 1538 eius
1024 1505 1141 1538 litteris

401 1570 459 1602 per
484 1564 625 1602 quatuor
657 1559 742 1592 viros
778 1558 914 1592 clericos
951 1564 1005 1591 aut
1040 1558 1141 1591 laicos

401 1610 536 1645 idoneos
562 1619 593 1645 et
617 1612 781 1655 probatos,
820 1612 899 1644 duos
935 1608 1089 1644 nimirum
1125 1622 1142 1644 a

401 1666 524 1710 populo
550 1675 685 1697 romano
719 1665 750 1696 in
776 1665 907 1707 publico
933 1664 1078 1703 consilio,
1111 1669 1143 1697 et

401 1719 546 1761 reliquos
576 1719 657 1750 duos
692 1728 708 1749 a
733 1718 951 1750 confratribus
977 1717 1143 1750 archicon-

403 1770 602 1803 fratertitatis
638 1770 690 1803 SS.
721 1770 885 1802 Trinitatis
911 1772 1142 1803 convalescen-

402 1823 481 1855 tium
514 1828 546 1856 et
581 1823 829 1866 peregrinorum
877 1823 970 1856 annis
1006 1823 1142 1865 singulis

404 1877 574 1919 eligendos
600 1883 630 1909 et
649 1877 861 1919 deputandos,
881 1877 1069 1918 regendum,
1087 1876 1143 1909 ad-

403 1930 653 1962 ministrandum
684 1935 715 1961 et
750 1930 996 1971 gubernandum
1023 1934 1143 1962 statue-

404 1982 480 2022 1·it'²,
507 1993 634 2015 necnon
660 1982 813 2015 Gamerae
839 1982 1046 2025 Apostolicae
1071 1982 1144 2014 the-

405 2036 585 2068 saurarium
623 2040 654 2068 et
678 2034 935 2067 commissarium
960 2035 1141 2077 generales,

404 2095 480 2121 tunc
505 2094 536 2122 et
555 2099 614 2132 pro
641 2094 786 2132 tempore
813 2089 999 2128 existentes,
1023 2093 1058 2120 ut
1080 2090 1145 2121 una

406 2153 480 2175 cum
517 2142 669 2185 praefatis
702 2148 842 2185 quatuor
872 2142 1144 2175 adn'iinistratori-

405 2196 467 2228 bus
493 2206 547 2228 seu
575 2195 737 2237 deputatis
768 2195 887 2227 salubri
912 2194 1072 2236 regimini,
1099 2194 1144 2227 di-

406 2248 541 2281 rectioni
560 2252 589 2279 et
607 2248 865 2280 conscrvationi³
882 2248 1017 2290 praefati
1036 2247 1144 2290 hospi-

408 2300 481 2333 talis
517 2310 697 2343 pauperum
730 2300 965 2340 mendicorum,
990 2300 1165 2343 illiusque¹

407 2353 604 2393 officialium,
620 2353 857 2393 ministrorum,
871 2354 1030 2386 bonorum
1049 2358 1080 2386 et
1098 2353 1144 2385 iu-

407 2407 514 2446 rium,
542 2417 611 2439 cum
640 2406 843 2438 facultatibus
874 2406 954 2438 inibi
984 2407 1165 2449 expressis}

443 2487 455 2513 1
475 2486 522 2512 Ed.
534 2486 566 2512 M.
580 2486 644 2518 legit
655 2485 840 2519 ‹virtuibus-que
853 2493 899 2519 pro
912 2486 1086 2519 omniqueffl.
1096 2486 1144 2519 T.).
1164 2491 1166 2510 2

442 2531 458 2557 ἓ
479 2531 547 2556 Edit..
569 2530 646 2556 Maia.
669 2529 731 2562 legit
750 2530 903 2555 statuerius
925 2536 962 2558 μ’..
983 2538 997 2554 ἰ’
1016 2534 1021 2559 J

444 2577 459 2602 3
480 2575 558 2603 Deest
580 2574 690 2601 verbum
712 2582 752 2600 cx.
775 2582 800 2606 g.
822 2573 1004 2600 intenderent
1026 2580 1050 2603 ’,ιι
1074 2574 1121 2608 Τ.).

978 187 1153 211 BULLARHJM
1179 186 1330 209 ROMANUM

1916 183 1962 208 An.
1980 182 2007 209 C.
2033 181 2098 208 10⁴3ss

1175 234 1600 277 deputaverit:propterea,
1628 241 1722 264 unam
1746 232 1907 264 camdem·

1176 297 1237 330 que
1254 286 1544 329 Congregationem
1569 285 1737 327 utriusque
1762 284 1833 324 loci,
1852 295 1909 317 seu

1175 340 1270 373 unius
1309 340 1518 382 eiusdemque
1555 337 1664 381 operis
1701 337 1744 380 pii
1780 336 1910 370 insimul

1176 393 1386 436 incorporati,
1405 398 1436 425 et
1459 393 1491 424 in
1513 402 1611 424 unum
1638 391 1813 434 hospitium
1838 401 1912 433 pau-

1176 456 1288 488 perum
1309 445 1532 483 invalidorum,
1551 450 1585 476 ut
1605 444 1795 486 praefertur,
1819 443 1912 476 reda-

1176 498 1227 538 cti,
1263 498 1460 530 constituere
1498 497 1653 535 volentes.
1687 495 1911 539 intrascriptae

1176 550 1429 597 Congregationi
1461 559 1519 592 pro
1558 548 1698 591 hospitio
1734 559 1914 591 pauperum

1178 602 1391 635 invalidorum
1424 601 1617 634 constitutae
1647 602 1811 644 praefatos
1838 602 1912 634 the-

1178 656 1356 688 saurarium
1388 660 1420 688 et
1455 654 1711 687 commissarium
1747 655 1915 696 generales

1178 716 1263 738 nunc
1289 712 1320 738 et
1336 716 1393 749 pro
1412 711 1558 748 tempore
1584 704 1772 744 existentes,
1791 710 1821 737 et
1840 715 1918 747 qua-

1180 765 1252 792 tuor
1280 759 1366 791 viros
1396 769 1412 790 a
1442 758 1527 791 dicto
1545 757 1634 790 Sixto
1663 757 1917 801 praedecessore

1180 823 1239 856 pro
1258 812 1425 855 regimine,
1444 811 1726 844 administratione
1752 816 1783 843 et
1801 810 1919 852 guber-

1180 865 1232 898 nio
1258 864 1333 898 dieii
1361 864 1533 908 hospitalis
1550 874 1728 907 pauperum
1753 863 1920 896 mendico-

1181 929 1251 950 rum
1279 918 1460 960 deputatos,
1487 922 1521 949 ut
1546 916 1740 959 praefertur,
1761 916 1917 959 deputan-

1181 971 1247 1010 dos,
1273 970 1444 1009 addimus,
1485 979 1705 1012 aggregamus,
1731 969 1860 1002 unimus
1889 974 1920 1002 et

1181 1023 1439 1066 incorporamus.

1225 1077 1239 1119 ἓ
1264 1075 1295 1108 9.
1326 1076 1478 1109 Volentes
1503 1080 1535 1108 et
1559 1074 1747 1107 mandantes
1773 1075 1859 1118 quod
1886 1085 1920 1108 ο-
1956 1087 2114 1108 rathamim-

1181 1139 1271 1162 mnes
1297 1139 1457 1172 pauperes
1478 1128 1645 1171 utriusque
1671 1138 1773 1168 sexus,
1801 1133 1831 1160 et
1857 1114 2114 1160 iamlssll.'.¹.‘?¹¹‘{t”'3l.'l

1181 1182 1237 1214 viri
1264 1187 1295 1214 et
1319 1182 1486 1221 mulieres,
1506 1191 1600 1224 quam
1619 1180 1711 1224 pueri
1731 1186 1763 1213 et
1780 1167 2012 1224 piiellae,51¹‚¹.⁴23l2⁵
2034 1167 2114 1213 {irrisis-

1182 1235 1258 1268 lieet
1294 1236 1380 1268 iuxta
1420 1240 1628 1278 praesentem
1668 1239 1785 1267 statum
1826 1225 2038 1276 localiiisssssii'ium
2051 1225 2114 1275 '32:1¹ss

1182 1289 1399 1331 praefatorum
1418 1288 1527 1331 palatii
1547 1287 1785 1327 Lateranensis,
1800 1287 1863 1320 loci
1882 1287 1920 1320 ad
1934 1273 2022 1319 iiiifflt'im
2038 1274 2114 1292 ⁰⁰⁰³¹¹'

1183 1342 1315 1374 Pontem
1341 1341 1474 1380 Sixtum,
1502 1346 1530 1373 et
1557 1340 1690 1373 alterius
1715 1340 1779 1373 loci
1805 1340 1843 1372 ad
1872 1340 1923 1372 Ri-

1182 1405 1255 1438 pam
1284 1394 1587 1438 Tyberis‘lllagnam
1618 1398 1835 1436 nuncupatam
1869 1394 1922 1426 ha-

1183 1447 1338 1480 bitatione
1365 1447 1517 1486 distincti,
1544 1452 1575 1478 et
1599 1445 1677 1479 licet
1710 1446 1804 1478 etiam
1831 1446 1924 1479 aliter

1185 1501 1214 1533 in
1254 1506 1418 1543 posterum
1455 1500 1562 1542 quoad
1599 1500 1707 1532 locum
1738 1505 1770 1532 et
1792 1500 1923 1532 modum

1185 1553 1394 1587 habitationis
1420 1553 1698 1595 distinguerentur
1730 1563 1786 1585 seu
1811 1552 1924 1584 immu-

1185 1612 1339 1646 tarentur,
1366 1617 1494 1649 semper
1522 1612 1627 1639 tamen
1660 1616 1759 1638 unum
1786 1611 1816 1638 et
1841 1606 1924 1638 inte-

1184 1661 1272 1703 grale
1298 1659 1476 1702 hospitium
1502 1659 1712 1702 apostolicum
1742 1669 1923 1702 pauperum

1184 1713 1408 1752 invalidorum,
1435 1711 1585 1755 idemque
1616 1721 1695 1754 opus
1729 1711 1817 1753 pium
1850 1722 1925 1744 con-

1184 1766 1328 1805 stituant,
1353 1765 1438 1808 quod
1475 1765 1514 1797 ab
1545 1766 1608 1797 ima
1640 1765 1819 1807 eademque
1844 1764 1925 1797 Con-

1185 1819 1373 1861 gregatione
1409 1817 1622 1860 gubernetur,
1650 1823 1682 1849 et
1716 1817 1775 1849 sub
1809 1816 1925 1849 iisdem

1185 1871 1383 1910 fundatione,
1411 1871 1590 1910 erectione,
1624 1870 1800 1907 dotatione,
1833 1869 1926 1902 insti-

1186 1928 1263 1965 tuto,
1291 1930 1322 1958 et
1345 1924 1604 1967 quibuscumque
1623 1922 1763 1965 desuper
1781 1922 1842 1954 iam
1862 1928 1925 1954 sta-

1186 1978 1260 2011 tutis
1285 1983 1316 2011 et
1340 1976 1512 2016 concessis,
1541 1987 1577 2008 ac
1598 1976 1779 2008 statuendis
1797 1981 1828 2008 et
1848 1985 1926 2008 con-

1185 2030 1337 2065 cedendis
1362 2030 1493 2072 regulis,
1519 2028 1790 2068 ordinationibus,
1813 2028 1923 2071 gratiis

1186 2091 1217 2118 et
1241 2084 1416 2128 privilegiis
1441 2083 1750 2125 comprehendatur.

1229 2139 1244 2181 g
1269 2137 1322 2170 10.
1350 2137 1394 2170 Ne
1412 2142 1519 2169 autem
1539 2136 1582 2178 pii
1602 2135 1698 2167 huius
1715 2135 1824 2177 operis
1841 2134 2116 2184 ¹³⁰13›d.i;.<.*⁵⁵⁵7”2.”f¹²8‘

1186 2192 1238 2234 qui
1265 2191 1343 2223 alias
1367 2189 1425 2222 suit
1450 2194 1481 2221 et
1505 2199 1590 2221 nunc
1614 2194 1662 2220 est
1685 2197 1812 2230 semper
1840 2192 1985 2220 unusduffi

1933 2220 1995 2243 spitio
2012 2217 2115 2237 tuvalttlu-

1186 2251 1216 2278 et
1242 2245 1334 2283 idem,
1361 2241 1633 2275 mendicationem
1658 2240 1697 2273 ab
1722 2240 1807 2273 Urbe
1832 2250 2114 2283 praeamara-mni...21

1186 2299 1259 2338 sata,
1278 2297 1383 2340 quoad
1409 2295 1477 2328 sieri
1503 2299 1620 2338 potest,
1637 2293 1779 2331 arcendi,
1795 2299 1826 2326 et.
1850 2303 1923 2325 vere
1933 2271 2114 2344 ἓὲζζὲηὲιιιῖῑὲἑὲιὲζ-

1188 2350 1393 2395 pauperibus,
1419 2348 1472 2391 qui
1497 2347 1622 2379 nullum
1645 2348 1695 2379 vel
1720 2346 1832 2378 saltem
1857 2356 1921 2378 non
1934 2355 2017 2372 cotum:

1186 2403 1402 2437 sufficientem
1415 2401 1530 2434 vietum
1545 2399 1686 2443 propriis
1699 2399 1811 2432 labore
1831 2404 1862 2431 et
1876 2398 1921 2430 in-

1164 2478 1166 2489 ·
1187 2456 1321 2496 dustria,
1343 2460 1376 2487 ut
1394 2453 1583 2498 praefertur,
1598 2452 1659 2484 sibi
1681 2461 1837 2495 quaerere
1854 2461 1920 2483 non

1165 2517 1166 2550 l
1185 2511 1304 2549 valent,
1323 2504 1565 2545 subi-miiendi‘,
1584 2504 1722 2548 amplius
1739 2505 1787 2536 vel
1806 2503 1838 2536 in
1859 2514 1920 2536 suo

1223 2574 1233 2599 1
1256 2570 1377 2598 Verbum
1398 2567 1580 2597 subveniendi·
1601 2575 1648 2594 nos
1667 2566 1790 2594 addimus
1815 2568 1853 2600 (n.
1873 2566 1919 2601 Τ.).
