2254 3225
228 230 278 257 An.
296 230 325 258 c.
348 230 416 257 1600
461 220 502 254 48

415 278 474 312 ctis
499 278 654 316 ecelesiis,
671 281 841 320 postquam
860 276 999 309 confessi
1018 275 1150 308 sanetis·

415 332 531 365 simum
557 330 777 364 Eucharistiae
809 334 1044 362 sacramentum
1071 338 1153 360 sum-

416 385 555 429 pserint,
572 384 784 422 visitaverint,
801 383 895 416 toties
909 381 1020 424 viginti
1039 390 1153 419 annos,

273 449 404 475 indulgentia
464 439 480 481 ξ
504 438 535 471 8.
557 439 602 470 Ac
619 437 741 469 eisdem
759 434 1023 468 christifidelibus
1042 433 1157 465 utrius-

221 480 404 524 ssfiffl‘ssttoffi'ssili
415 502 477 535 que
503 491 612 524 Indiae
638 496 671 522 et
696 488 984 521 transmarinorum
1004 486 1155 519 limitum»

222 531 404 580 Ὴῖἷῖἒξεῗῗξῖἒῗῖ
415 545 469 588 qui
487 542 751 587 processionibus
769 547 801 574 et
818 541 971 584 precibus
996 540 1083 572 iuxta
1110 539 1151 571 ri-

223 588 314 608 quiuque
325 597 330 606 ,
345 587 403 607 quin-

223 611 336 637 quennis
380 604 480 630 actum
498 598 528 630 S.
550 597 586 629 R.
606 596 640 628 E.
660 607 677 628 a
695 595 866 638 praedictis
891 593 1089 637 presbyteris
1114 593 1153 625 de

223 634 662 687 {⁴}E''3'1¹1'111¹.'1?J}¹.'”'(Ji-dinariorum
681 647 810 681 licentia
834 646 1042 679 instituendis
1068 651 1100 678 et
1125 656 1155 677 a-

417 702 532 745 gendis
554 702 704 734 Indorum
731 705 762 733 et
779 700 968 742 AEthiopum
994 709 1050 731 seu
1076 708 1156 740 quo-

418 755 538 787 rumvis
556 754 692 787 aliorum
712 753 947 795 ncephytorum
969 757 1000 784 et
1017 751 1154 784 aliorum

419 807 670 840 christianorum
697 805 913 844 interfuerint,
931 810 962 837 et
988 815 1042 837 eas
1068 814 1157 836 asso-

419 860 584 899 ciaverint,
595 859 803 892 christianam
818 858 998 890 doctrinam
1012 868 1083 890 eum
1098 856 1157 889 eis-

420 914 493 946 dem
525 912 725 956 presbyteris
757 912 807 944 vel
839 911 878 943 ab
915 911 960 943 eis
996 909 1156 952 deputatis

420 965 627 999 recitaverint
647 965 696 997 vel
714 963 863 1006 privatim
882 962 1062 1001 docuerint,
1082 973 1158 1005 quo-

421 1018 482 1051 ties
500 1018 531 1050 id
550 1016 697 1056 fecerint,
717 1021 840 1059 septem
858 1025 959 1048 annos
974 1021 1006 1048 et
1025 1015 1157 1048 totidem

422 1071 662 1114 quadragenas3
699 1068 912 1101 invisentibus
937 1073 1044 1100 autem
1070 1066 1158 1099 insir-

421 1134 499 1162 mos,
526 1127 558 1155 et
582 1120 772 1164 praesertim
793 1120 944 1152 Indorum
970 1119 1157 1162 hospitalia,

421 1174 625 1208 xenodochia
646 1178 678 1205 ct
695 1173 758 1205 alia
774 1172 893 1205 similia
910 1173 981 1204 loca
996 1172 1062 1215 pia,
1080 1171 1158 1214 ipsis

422 1228 517 1261 etiam
542 1226 677 1258 infirmis
701 1236 760 1268 per
784 1236 817 1257 se.
844 1226 893 1257 vel
926 1225 1025 1257 alium
1061 1223 1158 1256 mini-

422 1280 564 1319 strando,
589 1279 723 1321 singulis
744 1278 856 1310 diebus
882 1277 998 1320 quibus
1023 1277 1054 1309 id
1081 1277 1158 1309 sece-

421 1334 495 1374 rint,
512 1332 625 1374 viginti
647 1331 807 1374 quinque;
834 1330 887 1373 qui
909 1341 993 1369 vero,
1013 1331 1052 1363 ad
1072 1329 1160 1362 intir-

422 1397 492 1419 mos
503 1386 706 1423 accedentes,
722 1384 765 1416 ibi
781 1383 1055 1426 pernoctaverint,
1071 1383 1159 1426 quin-

423 1439 595 1482 quaginta,
615 1437 660 1470 eis
679 1438 772 1470 etiam
791 1436 845 1480 qui
864 1447 972 1469 coram
992 1437 1026 1469 B.
1043 1436 1160 1469 Mariae

423 1490 573 1533 imagine,
600 1490 639 1522 ab
661 1491 740 1522 alma
768 1489 850 1522 Urbe
868 1490 907 1522 ad
925 1489 1101 1531 collegium
1119 1489 1161 1521 ci-

424 1544 530 1576 vitatis
554 1543 660 1576 Limae
684 1543 715 1575 in
734 1543 814 1575 Persi
841 1542 889 1584 (ut
913 1542 1080 1585 asseritur)
1106 1543 1161 1575 de-

425 1598 497 1635 lata,
514 1595 640 1629 tertiam
656 1595 780 1628 Rosarii
797 1601 920 1638 partem
939 1596 987 1628 vel
1005 1605 1159 1628 coronam

425 1648 639 1688 recitaverint,
665 1652 793 1680 centum
829 1648 978 1681 similiter
1014 1648 1083 1681 dies
1121 1649 1160 1681 de

425 1701 576 1735 iniunctis
601 1700 648 1734 eis
665 1711 721 1733 seu
739 1701 816 1734 alias
837 1701 1085 1744 quomodolibet
1109 1702 1162 1735 de-

425 1755 500 1789 bitis
538 1754 746 1797 poenitentiis
786 1754 817 1786 in
857 1755 963 1787 forma
997 1755 1161 1788 Ecclesiae

425 1809 580 1841 consueta
604 1808 793 1846 relaxamus,
820 1817 856 1839 ac
880 1808 1060 1850 respective
1085 1819 1162 1841 con-

426 1859 570 1894 cedimus
597 1865 629 1893 et
653 1860 872 1902 indulgemus.

262 1921 360 1967 13ngss
378 1925 417 1967 {23
470 1914 484 1956 ξ
509 1913 540 1946 9.
561 1913 728 1945 Praeterea
745 1912 890 1945 eiusdem
907 1912 1075 1946 Societatis
1090 1913 1161 1946 Iesu

234 1954 703 2020 Eis'ssliiendffssssP1'0Vlnssialibfls›
737 1966 785 1998 vel
816 1965 854 1998 ab
887 1965 934 1998 eis
968 1966 1162 2009 deputandis

236 2007 417 2078 Ξῖἓὲᾚῖωῠὲἓξτ
428 2019 635 2063 presbyteris,
650 2029 722 2050 cum
735 2018 907 2062 neophytis
925 2019 1162 2061 provinciarum

427 2073 596 2115 utriusque
611 2072 719 2104 Indiae
734 2070 948 2114 aliarumque¹
963 2072 1059 2104 maris
1070 2072 1163 2105 Ocea-

428 2126 460 2158 ni
485 2124 667 2167 regionum,
694 2123 725 2156 in
752 2124 868 2167 quibus
897 2124 983 2157 inter
1015 2125 1163 2158 infideles

427 2178 540 2211 fideles
567 2176 718 2216 existunt,
738 2182 769 2209 et
784 2187 848 2209 non
869 2177 988 2209 adsunt
1003 2177 1162 2210 Ordinarii

429 2230 567 2264 similem
592 2230 776 2262 facultatem
800 2229 970 2269 habentes,
1004 2231 1055 2263 vel
1079 2231 1164 2263 ultra

430 2284 507 2316 duas
532 2282 642 2322 dietas,
669 2282 756 2314 iuxta
780 2282 1043 2316 constitutionem
1061 2282 1164 2316 felicis

430 2334 663 2369 recordationis
686 2334 774 2367 Pauli
800 2334 838 2367 lll
863 2334 993 2373 editam,
1013 2334 1163 2374 existunt,

431 2390 463 2422 in
482 2399 696 2433 quocumque,
712 2399 768 2421 seu
784 2388 959 2431 quibusvis,
974 2399 1039 2421 non
1059 2393 1164 2421 tamen

432 2441 464 2474 in
482 2441 588 2485 primo
613 2440 902 2483 consanguinitatis
919 2441 969 2473 vel
989 2439 1164 2480 affinitatis,

433 2494 586 2537 gradibus
611 2495 659 2527 vel
684 2494 761 2526 alias
785 2493 967 2526 coniunctis
992 2503 1050 2526 seu
1068 2503 1103 2526 se
1121 2498 1167 2525 at-

433 2547 628 2587 tinentibus,
665 2553 699 2579 ut
734 2545 975 2579 matrimonium
1010 2546 1095 2578 inter
1130 2556 1165 2578 se

471 2608 481 2635 1
499 2608 565 2635 Male
581 2608 646 2635 edit.
663 2608 746 2635 Maia.
764 2607 845 2635 habet
864 2608 1046 2642 aliorumqne
1060 2607 1100 2642 (a.
1116 2607 1164 2633 'r.t.

988 226 1165 251 armanum
1189 225 1341 249 ROMANI'M

1938 219 1986 246 Αη.
2003 219 2031 246 C.
2055 219 2122 248 ¹090

1194 274 1397 311 contrahere,
1421 282 1476 304 seu
1513 271 1544 303 in
1582 280 1620 303 eo
1656 270 1753 303 etiam
1788 268 1930 302 scienter

1194 331 1358 359 contracto
1377 335 1543 358 remanere
1563 325 1699 363 valeant,
1717 322 1748 355 in
1768 323 1836 355 soro
1860 333 1931 355 con-

1195 378 1349 411 scientiae
1371 383 1502 414 tantum,
1529 377 1627 419 gratis
1653 381 1773 415 tamen,
1801 375 1931 418 dispen-

1196 432 1286 464 sandi
1302 430 1327 471 ¹·,
1353 436 1385 463 et
1409 431 1543 472 insuper
1568 429 1687 462 ibidem
1713 430 1856 462 locorum
1874 429 1932 462 Or-

1197 483 1339 523 dinariis,
1355 489 1389 515 ut
1407 483 1444 516 de
1462 482 1727 526 presbyterorum
1742 482 1931 515 eorumdem

1197 542 1356 579 tamquam
1381 535 1564 567 adiutorurn
1584 539 1615 566 et
1639 544 1836 566 assessorum
1861 544 1933 567 suo-

1197 601 1266 622 rum
1292 590 1324 622 in
1350 589 1428 622 locis
1453 587 1635 631 praedictis,
1661 592 1693 619 et
1727 587 1782 620 ubi
1819 597 1931 620 eorum

1198 641 1367 675 commode
1394 640 1535 683 potuerit
1559 639 1670 672 haberi
1696 639 1800 682 copia,
1828 639 1934 672 consi-

1197 695 1250 735 lio,
1277 700 1310 727 et
1333 704 1404 726 cum
1426 693 1500 732 iltis,
1519 692 1615 725 etiam
1633 692 1664 724 in
1682 691 1826 724 iudiciali
1845 692 1932 731 soro,

1198 749 1230 780 in
1265 747 1399 790 reliquis
1436 751 1543 779 autem
1574 744 1748 788 provinciis
1780 745 1934 788 praefatis

1197 799 1440 833 OrdInariorum
1466 798 1649 841 praesentia
1675 797 1849 838 destitutis,
1885 799 1933 831 vel

1198 853 1236 885 ab
1263 852 1309 885 eis
1333 853 1416 884 ultra
1441 851 1520 883 duas
1538 851 1640 883 dietas
1660 850 1843 893 praedictas
1867 861 1933 883 non

1198 905 1303 937 minus
1330 903 1477 936 ducentis
1502 902 1646 935 millibus
1662 912 1816 945 passuum
1834 912 1936 934 remo-

1200 958 1246 995 tis,
1258 955 1509 1000 provincialibus
1520 960 1550 987 et
1564 954 1725 997 deputatis
1739 955 1936 998 presbyteris

1199 1009 1386 1053 praedictis,
1412 1018 1484 1041 cum
1510 1007 1632 1040 eisdem
1657 1007 1843 1049 neophytis,
1870 1018 1936 1040 non

1202 1068 1306 1094 tamen
1332 1061 1363 1093 in
1388 1060 1492 1104 primo
1518 1059 1628 1101 gradu,
1647 1059 1679 1091 in
1704 1064 1842 1102 utroque
1867 1060 1936 1093 soro

1201 1114 1301 1157 gratis
1326 1112 1546 1155 dispensandi,
1574 1117 1606 1144 et
1629 1122 1692 1151 eos,
1710 1112 1764 1155 qui
1783 1112 1814 1145 in
1832 1114 1938 1155 gradi-

1201 1168 1259 1199 bus
1285 1165 1457 1210 prohibitis
1483 1164 1668 1197 huiusmodi
1687 1164 1782 1197 etiam
1800 1165 1938 1198 scienter

1201 1219 1482 1259 contraxerint,ab
1501 1218 1687 1251 excessibus
1705 1222 1737 1250 et
1754 1229 1941 1251 exeommu-

1203 1271 1374 1305 nicationis
1389 1270 1409 1311 ²,
1437 1271 1574 1313 aliisque
1595 1269 1742 1302 censuris
1768 1275 1799 1303 et
1826 1272 1939 1313 poenis

1203 1324 1442 1364 ecclesiasticis,
1461 1323 1493 1356 in
1512 1328 1651 1366 utroque
1673 1323 1743 1356 soro
1769 1324 1868 1365 gratis
1886 1334 1940 1366 pa-

1203 1378 1283 1410 riter
1307 1375 1503 1415 absolvendi,
1522 1386 1558 1408 ac
1582 1376 1706 1418 prolem
1733 1375 1808 1408 inde
1834 1385 1928 1408 susce

1203 1436 1289 1474 ptam
1315 1430 1492 1472 legitimam
1519 1428 1737 1468 decernendi;

1246 1485 1260 1527 ᾗ
1286 1483 1338 1516 10.
1360 1482 1490 1515 Necnon
1516 1482 1595 1524 ipsis
1620 1481 1818 1524 presbyteris
1836 1481 1868 1514 in
1886 1481 1940 1514 iis-
1963 1492 2133 1522 snrnnnmrrag-

1204 1538 1277 1571 dem
1302 1536 1401 1569 Indiis
1426 1541 1457 1568 et
1481 1535 1559 1568 locis
1585 1535 1761 1577 praedictis
1786 1522 2019 1574 constitu·i's'ia'iif⁸
2031 1519 2134 1570 5235?ssss

1205 1591 1252 1630 tis,
1279 1589 1395 1633 quibus
1417 1588 1524 1631 aliqua
1544 1587 1768 1620 Eucharistiae
1785 1571 2060 1631 fragmen-“mmm

1204 1650 1234 1676 ta
1259 1654 1313 1676 seu
1344 1641 1478 1674 minutia
1503 1651 1563 1684 pro
1590 1646 1737 1683 tempore
1762 1641 1938 1674 intercide-

1205 1697 1280 1737 rint,
1309 1695 1405 1729 etiam
1434 1699 1508 1738 post
1539 1699 1703 1737 peractum
1736 1694 1941 1735 sacrificium,

1205 1751 1324 1792 absque
1351 1750 1416 1781 ullo
1435 1747 1653 1780 conscientiae
1669 1747 1831 1789 scrupulo,
1853 1747 1942 1780 iuxta

1205 1802 1349 1835 rubricas
1366 1799 1505 1834 missalis
1524 1800 1649 1833 romani
1675 1805 1865 1832 reverenter
1888 1810 1942 1833 su·

1205 1856 1334 1896 mendi·,

1249 1911 1263 1953 ξ
1287 1909 1340 1942 ll.
1360 1908 1494 1951 Insuper
1510 1906 1707 1951 presbyteris
1724 1906 1867 1940 eiusdem
1885 1906 1941 1940 So·
1977 1914 2104 1944 Absqtvondt
2121 1920 2136 1937 a

1206 1962 1332 1997 eietatis
1365 1961 1453 2001 lesu,
1480 1970 1559 2003 quos
1584 1960 1616 1992 in
1640 1960 1877 1993 Saracenorum
1909 1944 2136 1993 &fficiam-icon-

1205 2017 1342 2048 aliorum
1360 2013 1538 2046 infidelium
1558 2018 1661 2045 terras
1675 2017 1707 2044 et
1723 2013 1803 2045 alias
1828 2013 1941 2046 utrius-

1206 2079 1267 2112 que
1286 2068 1394 2101 lndiae
1411 2071 1442 2098 et
1460 2065 1689 2098 transmarinas
1708 2065 1859 2108 regiones
1876 2077 1942 2099 ma-

1205 2122 1248 2154 ris
1272 2121 1403 2160 Oceani,
1429 2119 1467 2152 ad
1493 2129 1571 2163 quas
1589 2118 1722 2162 Hispani
1747 2124 1778 2151 et
1799 2119 1941 2153 Lusitani

1205 2178 1393 2218 penetrant,
1420 2183 1455 2205 ae
1479 2172 1661 2216 provincias
1687 2172 1939 2213 remotissimas,

1205 2228 1260 2261 ubi
1277 2238 1340 2260 non
1359 2232 1407 2260 est
1424 2225 1593 2269 Inquisitio
1616 2230 1647 2258 et
1664 2224 1775 2258 fideles
1794 2226 1877 2258 inter
1894 2227 1942 2259 in-

1206 2282 1318 2314 fideles
1343 2281 1471 2323 degunt,
1505 2289 1612 2321 neque
1642 2277 1801 2311 Ordinarii
1827 2280 1941 2313 saltem

1206 2336 1292 2369 intra
1316 2334 1393 2367 duas
1413 2332 1514 2365 dietas
1532 2332 1674 2364 existunt
1690 2331 1875 2365 huiusmodi
1901 2333 1942 2365 sa-

1207 2389 1357 2421 cultatem
1376 2386 1544 2425 habentes,
1559 2384 1765 2428 praepositus
1782 2385 1941 2427 generalis

1208 2439 1340 2480 miserit,
1356 2437 1550 2472 christianos
1567 2433 1599 2469 in
1617 2437 1740 2470 eisdem
1758 2438 1940 2480 provinciis,

1245 2520 1253 2544 1
1278 2518 1342 2545 Male
1358 2517 1421 2544 edit.
1439 2516 1516 2543 ltlain.
1538 2515 1601 2550 legit
1620 2516 1822 2550 dispensandis
1838 2519 1874 2547 (n.
1891 2517 1940 2548 τ.).

1243 2563 1258 2589 ⁶2
1279 2561 1344 2588 Male
1359 2561 1421 2587 edit·
1434 2560 1512 2586 ltlain.
1525 2559 1588 2594 legit
1603 2560 1638 2585 ab
1653 2560 1810 2587 accessibus
1825 2564 1851 2588 el
1865 2570 1942 2587 com-

1208 2605 1456 2633 municationibus
1471 2604 1508 2639 (n.
1529 2603 1576 2638 τ.).
