2227 3225
107 244 156 272 An.
178 244 205 273 C.
226 245 289 274 ¹501

300 297 507 340 processibus
540 296 816 336 remis-sorialibus
843 303 875 332 et
899 301 1043 342 compul-

300 351 475 384 sorialibus
507 351 540 384 in
571 351 722 394 praefatis
747 351 873 385 civitate
898 353 1042 385 Salman-

300 402 384 436 ticae
420 409 452 436 et
488 404 610 447 oppido
647 404 686 437 de
717 403 748 437 S.
768 404 933 445 Facundo,
967 416 1040 438 cum

299 455 550 499 supervenerint
584 455 712 489 notoria
753 457 886 490 decreta
926 457 1041 491 similis

299 509 533 542 recordationis
570 509 690 542 Urbani
715 509 820 552 Papae
844 510 908 543 VIII
945 510 1040 543 etiam

299 562 565 605 praedecessoris
595 562 712 601 nostri,
746 562 872 604 signata
900 568 1041 606 postmo-

301 615 375 648 dum
395 615 454 647 suit
471 625 488 648 a
505 621 683 648 memorato
701 615 891 648 Innocentio
909 616 934 648 X
951 626 1042 659 prae-

300 668 472 702 decessore
489 667 672 701 commissio
691 668 955 711 reassuinptionis
973 678 1041 700 cau-

300 731 355 754 sae
380 720 412 753 in
443 725 527 754 statu
553 726 583 753 et
607 720 764 760 terminis,
791 721 823 753 in
848 721 965 763 quibus
991 731 1040 753 re-

300 773 498 816 periebatur,
517 783 619 816 eaque
640 774 763 806 directa
787 774 951 816 praefatae
976 784 1041 806 car-

300 825 457 859 dinalium
493 826 593 859 sacris
630 826 747 859 ritibus
777 827 1038 869 praepositorum

298 880 567 922 Congregationi3
585 890 678 922 quae,
692 879 824 912 attentis
846 880 938 912 dictis
957 880 1041 912 litte-

298 933 343 966 ris
369 934 402 966 in
428 933 531 966 forma
561 933 672 966 Brevis
697 933 834 976 praefati
865 934 1038 967 Clementis

299 985 564 1029 praedecessoris
583 996 679 1029 super
696 987 910 1019 concessione
936 991 966 1018 et
988 997 1040 1019 ex-

301 1038 506 1072 tensionibus
538 1039 720 1082 respective
756 1040 872 1073 indulti
898 1040 1039 1072 officium

301 1097 332 1125 et
367 1092 496 1124 missam
531 1093 740 1132 celebrandi,
768 1093 818 1125 die
848 1104 935 1126 xxvu
960 1093 1038 1125 iunii

299 1154 418 1184 moen,
445 1145 485 1177 ad
510 1145 703 1178 relationem
729 1145 835 1178 bonae
860 1146 1037 1178 memoriae

300 1197 369 1230 Iulii
396 1202 470 1230 tunc
496 1197 579 1229 tituli
605 1198 635 1230 S.
663 1198 829 1231 Susannae
856 1198 1037 1241 presbyteri

300 1250 472 1283 cardinalis
508 1250 670 1284 Sacchetti
708 1252 900 1294 nuncupati,
933 1252 1038 1284 decla-

298 1305 381 1336 ravit
419 1310 568 1337 constare
585 1330 592 1343 ,
627 1305 749 1337 cultum
787 1305 883 1337 beato
926 1305 1036 1337 Ioanni

298 1357 479 1389 exhibitum
503 1351 594 1390 nisse*
608 1363 640 1389 et
660 1362 734 1389 tunc
761 1357 906 1390 exhiberi
925 1357 1036 1399 vigore

298 1409 458 1443 dictorum
486 1410 690 1443 indultorum
715 1411 981 1453 apostolicorum,
1007 1416 1038 1443 et

298 1473 318 1505 p
339 1467 474 1506 opterea
499 1462 687 1495 huiusmodi
705 1473 813 1495 casum
838 1463 923 1495 inter
947 1473 1038 1496 exce-

297 1525 369 1558 ptos
389 1515 420 1547 in
439 1515 577 1548 decretis
596 1515 635 1548 ab
653 1515 766 1548 eodem
791 1515 920 1548 Urbano
946 1526 1038 1558 prae-

298 1569 469 1601 decessore
493 1579 591 1611 super
615 1579 680 1601 non
706 1570 793 1602 cultu
826 1568 920 1601 editis
951 1579 1038 1602 com-

298 1621 472 1664 prehendi.
491 1621 646 1664 Cumque,
663 1622 694 1654 in
714 1623 901 1655 eorumdem
927 1623 1038 1655 decre-

299 1680 407 1707 torum
432 1676 694 1718 exequutionem,
713 1687 749 1708 ex
772 1676 926 1718 praefatis
952 1676 1038 1719 prio-

297 1727 385 1760 ribus
417 1728 628 1771 processibus
661 1733 735 1761 ante
760 1728 918 1761 indultam
942 1739 1038 1761 vene-

298 1780 456 1813 rationem
482 1780 622 1823 peractis
648 1782 744 1823 plene
770 1781 973 1813 constitisset
998 1782 1036 1814 de

299 1834 437 1877 puritate
462 1834 546 1873 fidei,
583 1835 749 1867 sanctitate
776 1835 859 1868 vitae
885 1840 917 1867 et
940 1835 1038 1867 virtu-

298 1887 384 1919 tibus
410 1887 571 1930 requisitis
598 1888 636 1920 ad
663 1889 841 1920 solemnem
869 1888 1037 1920 canoniza-

298 1941 430 1981 tionem,
458 1951 596 1983 quorum
616 1940 740 1979 relatio,
763 1941 852 1981 olim,
879 1946 914 1973 ut
945 1952 1038 1984 prae-

298 1996 410 2034 tei-tur,
438 1994 610 2027 commissa
641 1994 859 2027 cardinalibus
886 1995 1034 2033 Baronio,

298 2047 480 2080 Antoniano
516 2053 548 2079 et
583 2047 790 2087 Bell-armum,
831 2053 863 2080 et
897 2058 914 2080 a
949 2048 1035 2080 dicto

298 2099 454 2132 cardinali
479 2099 664 2133 Antoniano
678 2100 869 2143 subscripta,
893 2101 1036 2134 exhibita

298 2153 358 2185 suit
382 2155 446 2186 una
470 2163 540 2185 cum
559 2153 736 2185 summario
755 2153 886 2185 testium
905 2159 935 2185 et
954 2160 1036 2186 acto-

298 2216 370 2239 rum
401 2206 544 2248 desuper
564 2206 729 2245 consecto,
755 2212 933 2239 memorata
958 2206 1035 2240 Con-

299 2259 447 2302 gregatio
465 2259 676 2292 cardinalium
696 2260 795 2292 sacris
815 2260 931 2293 ritibus
946 2271 1036 2303 prae-

298 2313 475 2356 positorum
511 2313 562 2346 die
586 2324 639 2347 xx1
663 2313 732 2346 iulii
757 2314 832 2346 anni
857 2324 1033 2355 MDCvaui,

299 2366 443 2398 eiusdem
466 2366 644 2399 memoriae
670 2366 764 2399 Petro
797 2367 880 2399 tituli
908 2366 939 2399 S.
967 2367 1035 2399 Cal-

298 2418 364 2452 listi
393 2419 580 2462 presbytero
613 2419 768 2452 cardinali
796 2419 920 2453 Vidono
952 2431 1036 2452 nun-

299 2476 414 2514 cupato
452 2472 624 2512 referente,
646 2472 770 2504 censuit
794 2473 1034 2515 procedendum

300 2534 368 2556 esse
392 2524 431 2557 ad
455 2534 492 2557 ea
509 2535 591 2568 quae
618 2530 691 2567 post
715 2525 960 2558 venerationem
986 2535 1036 2557 su-

298 2582 525 2619 pervenerant,
539 2577 563 2608 si
577 2577 754 2620 placuisset
770 2576 843 2621 piae
859 2577 1034 2611 memoriae

299 2629 455 2662 Clementi
479 2629 583 2671 Papae
601 2629 649 2669 lx,
667 2630 761 2662 etiam
789 2631 1033 2672 praedecessori

384 2691 463 2717 Lv'utl.
486 2691 568 2717 [ium.
586 2706 619 2710 —
641 2693 697 2718 Vol.
722 2693 777 2719 AX.
925 2694 959 2718 2¹⁴)

887 251 1094 275 INNOCENTIUS

1120 252 1163 275 xn
1188 253 1236 276 rr.
1722 246 1779 280 0201

1084 305 1209 339 nostro,
1245 299 1309 343 qui,
1336 300 1417 333 sacta
1452 301 1543 344 prius
1579 304 1823 345 praedictorum

1083 353 1252 393 relatione,
1268 354 1380 386 eadem
1402 354 1454 387 die
1480 355 1620 397 benigne
1646 357 1770 390 annuit.

1125 405 1140 447 ἓ
1163 405 1215 438 17.
1241 406 1344 443 Quare
1369 407 1401 438 in
1428 406 1684 448 Congregatione
1713 419 1820 442 coram
1872 423 1962 444 Probata
1987 430 2019 444 ω-

1803 461 1807 465 .
1834 449 1924 469 inianu«
1941 453 1960 468 et
1984 456 2019 470 ve-

1083 457 1225 490 eiusdem
1248 459 1424 491 memoriae
1442 459 1607 491 Clemente
1627 459 1710 501 Papa
1735 461 1758 492 X
1784 471 1894 494 si-mu„
1930 477 2018 497 auorum

1082 509 1201 542 militer
1224 511 1477 552 praedecessore
1503 516 1616 544 nostro
1642 512 1752 544 habita
1770 513 1820 545 die
1833 502 2018 556 ³¹2¹:ii2isssffii‘32i‘1'1'issu‘0

1081 573 1138 596 v111
1163 563 1267 595 martii
1294 564 1368 596 anni
1388 574 1549 604 tinetxxn,
1565 565 1603 597 ad
1629 566 1819 598 relationem
1833 553 1939 599 gfff-'tlt'
1956 555 2018 605 posf'ssi

1082 616 1219 658 praefati
1237 617 1409 649 cardinalis
1423 617 1538 650 Vidoni
1557 617 1704 651 discusso
1723 619 1820 652 dubio
1832 606 2018 652 iiiiiiss⁰¹¹⁰¹⁰²²¹¹⁰¹

1083 669 1121 701 de
1147 669 1185 702 iis
1211 680 1293 712 quae
1319 675 1393 712 post
1408 669 1567 703 indultam
1584 672 1680 704 beato
1708 671 1821 704 Ioanni

1082 721 1323 755 venerationem
1348 729 1615 765 supervenerant,
1640 723 1726 756 idem
1753 724 1823 757 Cle-

1082 775 1462 817 mensXpraedecessor,
1476 776 1717 808 consultoribus
1731 778 1822 820 prius

1067 827 1207 867 *auditis,
1222 828 1261 860 de
1285 828 1522 861 venerabilium
1545 829 1677 861 fratrum
1696 835 1824 864 nostro-

1080 890 1162 921 rum,
1181 885 1256 913 tunc
1281 891 1424 920 suorum,
1449 882 1481 914 S.
1502 881 1539 914 R.
1557 881 1592 914 E.
1609 882 1821 916 cardinalium

1080 932 1194 966 iisdem
1211 934 1311 966 sacris
1331 934 1446 966 ritibus
1463 935 1730 978 praepositorum
1745 947 1823 969 con-

1080 985 1162 1025 silio,
1201 986 1343 1018 decrevit
1379 997 1416 1019 ex
1454 987 1546 1019 dictis
1582 988 1820 1030 posterioribus

1080 1039 1290 1081 processibus
1314 1039 1347 1071 in
1371 1040 1489 1079 [eadem
1519 1042 1609 1072 sacra
1638 1040 1822 1083 Congrega-

1081 1091 1166 1124 tione
1192 1092 1243 1124 die
1268 1102 1325 1125 xxv
1352 1093 1547 1135 septembris
1574 1093 1648 1125 anni
1674 1103 1820 1128 MDCinu

1080 1144 1269 1176 examinatis
1307 1150 1338 1177 et
1373 1145 1560 1188 approbatis
1597 1152 1747 1179 constare
1780 1147 1820 1180 de

1080 1207 1190 1230 eorum
1215 1199 1403 1237 relevantia,
1430 1209 1547 1241 nempe
1574 1200 1819 1233 continuatione

1079 1250 1181 1283 famae
1203 1251 1392 1291 sanctitatis,
1413 1252 1598 1284 devotionis
1623 1254 1819 1294 populorum

1079 1308 1110 1335 et
1147 1303 1374 1336 miraculorum
1393 1332 1399 1343 ‚
1442 1309 1475 1337 et
1512 1306 1820 1348 percrebrescentia

1078 1356 1183 1387 cultus
1208 1361 1239 1388 et
1262 1357 1492 1394 venerationis„
1511 1367 1558 1396 ac,
1581 1368 1616 1389 ex
1636 1363 1709 1390 octo
1735 1358 1820 1391 inter

1079 1409 1172 1450 plura
1198 1409 1336 1448 selectis,
1355 1409 1417 1442 duo
1443 1410 1595 1442 miracula
1620 1411 1820 1443 concluden-

1080 1459 1199 1492 tissime
1218 1461 1353 1503 probata
1370 1472 1439 1494 esse
1459 1462 1633 1495 declaravit
1649 1474 1655 1494 z
1678 1462 1820 1504 primum

1079 1512 1205 1546 scilicet
1222 1513 1428 1547 Elisabethae
1443 1514 1558 1547 Gomez
1577 1515 1616 1547 de
1634 1516 1663 1547 la
1680 1515 1820 1554 Rocclia,

1079 1577 1177 1610 quae,
1196 1578 1269 1599 cum
1295 1578 1412 1600 cancro
1438 1567 1469 1599 in
1495 1568 1671 1600 mammilla
1690 1568 1820 1601 sinistra

1079 1630 1138 1662 per
1153 1621 1387 1663 sesquiannum
1400 1621 1589 1659 inveterato,
1604 1628 1635 1654 et
1649 1621 1680 1653 in
1699 1623 1818 1654 molem

1078 1673 1239 1716 insignem
1250 1679 1352 1713 aucto,
1363 1679 1392 1706 et
1408 1675 1509 1706 altero
1521 1675 1635 1706 subtus
1649 1674 1817 1706 brachium

1079 1727 1111 1759 in
1130 1728 1231 1759 latere
1252 1727 1385 1760 sinistro
1407 1737 1510 1770 prope
1530 1738 1595 1767 cor,
1615 1727 1818 1760 medicorum

1079 1779 1197 1812 iudicio
1227 1780 1485 1820 insanabilibus,
1516 1781 1716 1818 laborasset,
1742 1785 1818 1823 post

1078 1843 1240 1866 accessum
1267 1834 1305 1866 ad
1327 1835 1511 1876 sepulcrum
1537 1833 1682 1866 eiusdem
1708 1833 1813 1873 Beati,

1077 1886 1229 1929 illiusque
1247 1885 1495 1926 invocationem,
1511 1896 1639 1918 necnon
1656 1892 1730 1928 post
1745 1896 1817 1918 con-

1078 1939 1250 1972 sessionem
1280 1940 1547 1972 sacramentalem
1577 1944 1608 1971 et
1637 1938 1817 1981 susceptio-

1078 2002 1151 2024 nem
1175 1992 1228 2025 SS.
1251 1992 1474 2025 Eucharistiae
1504 2003 1540 2024 ac
1570 1991 1816 2034 impositionem

1079 2045 1206 2078 habitus
1236 2045 1322 2078 illius
1353 2056 1452 2088 super
1478 2045 1698 2083 mammillam,
1720 2054 1814 2077 mane

1077 2098 1234 2141 sequenti,
1253 2098 1368 2131 iterata
1394 2098 1481 2130 Beati
1506 2098 1717 2136 invocatione,
1737 2107 1815 2129 sana

1077 2158 1109 2185 et
1132 2152 1303 2184 incolumis
1321 2162 1338 2183 a
1355 2151 1530 2194 praedictis
1551 2150 1674 2182 cancris
1692 2156 1724 2182 et
1742 2160 1815 2182 acu-

1078 2206 1116 2237 tis
1135 2205 1251 2249 quibus
1269 2205 1469 2237 afficiebatur
1490 2204 1671 2242 doloribus,
1690 2203 1814 2246 absque

1077 2260 1142 2292 ullo
1160 2258 1252 2301 signo
1277 2268 1334 2290 seu
1359 2257 1493 2299 vestigio
1515 2256 1700 2299 praedictae
1725 2255 1815 2287 infir-

1077 2311 1202 2351 mitatis,
1230 2315 1395 2353 comperta
1420 2316 1485 2342 est:
1513 2314 1545 2341 et
1569 2314 1717 2352 quartum
1742 2308 1814 2340 Ein-

1077 2364 1234 2397 manuelis
1260 2364 1299 2397 de
1317 2363 1456 2396 Cas-tello
1482 2361 1609 2405 gibbosi
1634 2372 1694 2404 per
1713 2361 1812 2393 trien-

1076 2417 1165 2450 nium
1182 2427 1218 2450 ex
1236 2418 1371 2460 ruptura
1385 2415 1496 2459 spinae
1514 2414 1602 2447 dorsi
1627 2414 1667 2447 ob
1686 2415 1812 2457 lapsum

1077 2481 1093 2503 e
1118 2471 1203 2502 scala
1230 2470 1306 2502 dum
1338 2473 1408 2501 erat
1439 2467 1612 2507 novennis;
1640 2467 1709 2510 qui,
1738 2477 1811 2499 cum

1076 2529 1248 2567 propterea
1265 2527 1437 2564 cogeretur
1451 2525 1598 2554 curvatus
1615 2519 1721 2552 medio
1739 2530 1811 2552 cor-

1076 2586 1156 2619 pore
1196 2575 1344 2608 manibus
1381 2583 1478 2617 super
1515 2583 1618 2615 genua
1653 2570 1809 2614 appositis

1076 2636 1106 2664 et
1130 2639 1202 2663 cum
1226 2627 1386 2662 adiutorio
1409 2625 1640 2659 substentaculi
1666 2625 1710 2657 sic
1727 2624 1810 2658 ince-

1830 258 1879 283 ΑΒ.
1901 256 1928 284 C.
1948 256 2010 285 1091
