2254 3225
217 238 268 268 Aa.
287 235 318 265 G.
339 237 405 263 5393

452 228 516 261 572

407 285 515 329 fieret)
549 290 637 320 certa
662 286 742 319 inibi
769 297 923 331 expressa
955 287 1058 321 officia
1089 297 1144 319 scu

408 349 543 372 munera
568 339 755 373 huiusmodi
781 352 854 373 cum
873 340 1020 373 omnibus
1038 345 1070 373 et
1086 339 1146 372 sin-

409 392 494 434 gulis
518 393 646 426 illorum
672 398 704 427 et
729 394 903 427 cuiuslibet
932 404 1042 427 eorum
1067 392 1145 424 iuri-

407 446 481 486 bus,
503 447 748 490 praerogativis,
767 446 950 490 stipendiis,
973 445 1096 479 salariis
1114 449 1146 476 et

409 500 636 533 emolumentis
660 500 928 544 quibuscumque,
948 504 1042 542 atque
1060 498 1146 530 inter

409 553 491 586 haec
515 553 741 596 gubernatoris
768 558 873 585 terrae
898 556 1029 584 nostrae
1065 549 1145 583 Cen-

408 607 632 639 tumcellarum
648 633 655 646 ‚
680 606 746 638 sive
771 604 1066 643 Civitatisvetulae,
1097 602 1146 634 Vi-

408 659 581 692 terbiensis
616 659 796 699 dioecesis,
824 657 961 691 officium
988 660 1146 700 perpetuo

409 712 686 755 suppresserimus
703 718 733 746 et
754 710 1003 749 extinxerimus3
1028 709 1146 741 abinde

407 775 483 798 vero
509 765 589 798 citra
615 770 701 798 terra
733 763 900 808 praedicta
925 761 1066 805 (tametsi
1092 772 1146 794 an-

408 818 521 861 tiquis,
534 818 637 861 iisque
649 816 867 861 amplissimis,
885 816 1034 860 quinimo
1049 814 1144 848 etiam

406 881 466 914 per
489 881 547 904 1105
571 871 730 904 innovatis
755 869 924 912 auctisque
942 867 1146 902 celeberrimi

407 926 522 968 portus
546 924 734 967 privilegiis,
762 923 960 966 copiosoque
985 932 1051 955 non
1084 927 1145 953 tam

406 978 646 1020 indigenarum,
674 988 770 1021 quam
796 983 981 1010 exterorum
1003 976 1040 1008 ad
1058 976 1146 1008 Illam

408 1031 649 1064 advenientium
683 1040 819 1063 numero
850 1029 987 1072 insignis
1017 1028 1146 1071 existat)

407 1095 467 1129 per
490 1095 589 1117 unuin
607 1085 748 1117 iudicem
771 1086 1045 1118 locumtenentem
1067 1092 1149 1114 nun—

408 1143 559 1182 cupatum
570 1138 750 1181 gubernata
761 1138 866 1177 fuerit,
879 1148 913 1169 ac
927 1136 1064 1180 proinde
1080 1135 1147 1168 eius

408 1191 696 1224 lionoriticientiac
716 1196 747 1224 et
768 1191 908 1230 utilitati,
927 1190 1023 1222 modo
1042 1189 1148 1222 01101-

408 1246 459 1276 ma
475 1255 536 1287 per
554 1244 703 1277 eamdem
718 1249 861 1276 nostram
879 1242 1147 1275 constitutionem

408 1297 542 1330 minime
569 1297 699 1338 vetitis,
724 1296 857 1329 uberius
882 1295 1148 1339 prospiciendum

410 1351 469 1390 sit3
498 1356 537 1389 ct,
558 1350 638 1382 sicut
664 1349 858 1393 accepimus,
882 1349 978 1382 etiam
992 1354 1079 1381 terra
1095 1358 1149 1380 110-

409 1409 475 1436 stra
502 1403 659 1446 Tulpliae,
688 1403 837 1436 Sutrinae
863 1402 1034 1443 dioecesis,
1060 1402 1149 1435 inco-

409 1458 511 1489 larum
551 1466 614 1489 non
653 1457 758 1489 minus
797 1455 1014 1495 multitudine,
1054 1466 1147 1498 quam

410 1511 482 1543 aliis
507 1510 692 1543 nominihus
719 1509 871 1549 celebris,
899 1520 959 1552 per
984 1509 1082 1542 alium
1108 1508 1149 1541 si-

409 1564 531 1597 militer
562 1563 702 1596 iudicem
736 1562 992 1596 commissarium
1016 1572 1144 1594 nuncu-

410 1623 517 1660 patum
544 1616 581 1648 ab
607 1627 672 1649 uno
699 1626 734 1649 ex
758 1615 884 1648 dilectis
903 1614 977 1648 filiis
995 1614 1147 1648 Gamerae

409 1670 595 1713 praedictae
620 1669 745 1702 clericis
764 1668 1027 1712 praesidentibus
1043 1673 1147 1701 terrac

411 1723 598 1756 huiusmodi
638 1733 697 1766 pro
738 1728 884 1766 tempore
924 1723 1147 1764 gubernatore

411 1776 547 1818 singulis
573 1775 666 1808 anniS
692 1775 842 1819 deputari
867 1775 995 1808 solitum
1023 1774 1091 1817 regi
1118 1781 1148 1808 01

412 1829 586 1872 gubernari
622 1828 847 1862 consueverit:
873 1829 949 1861 111110
979 1834 1026 1861 est
1062 1829 1147 1871 quod

410 1894 478 1923 nos,
504 1893 664 1926 prospero
690 1882 843 1925 felicique
871 1887 1025 1914 terrarum
1055 1892 1148 1924 prac-

411 1936 567 1968 dictarum
583 1934 733 1978 regimini
752 1940 784 1968 et
801 1935 968 1978 gubernio,
992 1939 1147 1977 quantum

411 2001 484 2023 cum
509 1990 643 2022 Domino
660 2000 843 2032 posstin]tiS‚
862 1988 1059 2032 peramplius
1075 1999 1148 2021 cou-

411 2045 518 2076 sulere
543 2043 699 2082 volentes,
734 2047 820 2075 motu
845 2041 988 2085 proprio,
1018 2051 1083 2074 non
1108 2042 1146 2074 ad

411 2096 545 2129 alicuius
570 2096 663 2129 nobis
696 2106 793 2138 super
818 2096 879 2128 hoc
907 2095 1035 2128 oblatae
1064 2096 1147 2136 peti-

410 2150 507 2182 tionis
531 2149 731 2189 instantiam,
756 2149 811 2182 sed
839 2160 874 2182 ex
902 2151 989 2182 certa
1013 2149 1147 2182 scientia

411 2208 442 2236 et
466 2205 593 2235 matura
617 2203 854 2235 deliberatione
879 2203 1015 2243 nostris,
1041 2203 1146 2246 deque

410 2256 610 2300 apostolicae
631 2256 798 2298 potestatis
823 2256 1037 2299 plenitudine,
1054 2267 1147 2300 prae-

411 2310 509 2342 fatam
520 2309 799 2351 terramTulphac,
812 2309 945 2351 eiusque
957 2309 1144 2342 comitatum

412 2368 443 2395 et
466 2362 660 2401 districtum,
679 2362 717 2393 ab
745 2363 932 2395 eorumdem
951 2363 1144 2395 clericorum

409 2415 664 2459 praesidentium
683 2426 718 2448 ac
735 2415 908 2448 cuiuslibet
922 2426 1031 2448 corum
1051 2416 1145 2448 iuris-

410 2469 553 2502 dictione
569 2468 768 2511 seiuugimus
783 2474 813 2500 01
836 2479 1041 2510 separamus,
1059 2479 1144 2501 com-

408 2522 614 2565 missariique
639 2521 670 2553 in
688 2522 800 2554 eadem
826 2523 910 2554 terra
935 2521 1078 2563 Tulpliac
1105 2523 1143 2554 de

991 237 1108 262 ntJLLAn
1114 238 1168 261 trit
1193 238 1210 261 Π
1216 237 1346 262 ouANUM

1189 286 1263 318 tiam
1273 291 1304 318 01
1318 291 1473 326 naturam,
1485 288 1644 328 perpetuo
1656 284 1876 329 suppriminus
1888 289 1920 318 et

1186 338 1412 381 extinguimus.
1432 338 1466 371 ln
1490 339 1641 382 praefatis
1664 350 1741 372 vero
1766 337 1920 372 Civitatis-

1186 393 1311 425 vetulae
1337 397 1369 425 et
1399 391 1545 436 Tulpliae
1578 392 1689 433 terris,
1726 392 1919 435 illarumque

1186 445 1392 478 comitatibus
1410 450 1441 478 et
1465 445 1673 485 districtibus,
1691 455 1791 478 unum
1809 444 1921 487 guber-

1186 497 1273 530 nium
1297 503 1504 541 perpetuum,
1532 498 1591 531 sub
1617 497 1921 542 superintendentia

1186 550 1418 584 venerabilium
1457 551 1594 584 fratrum
1619 556 1805 583 nostrorum
1833 559 1921 584 nunc

1187 609 1218 637 et
1253 614 1310 647 pro
1347 609 1493 647 tempore
1530 603 1738 636 existentium
1772 603 1921 636 eiusdem

1186 657 1523 690 S.R.E.cardinalium
1534 656 1828 690 consultationibus
1847 655 1924 689 civi-

1189 715 1286 743 tatum
1313 715 1345 743 et
1370 715 1529 743 terrarum
1554 710 1660 743 Status
1694 709 1796 743 nostri
1821 709 1925 743 eccle-

1187 763 1307 796 siastici
1331 763 1607 807 praepositorum,
1632 773 1691 806 pro
1715 774 1780 797 uno
1805 763 1925 806 guber-

1187 821 1300 850 natore
1325 817 1364 849 ad
1390 822 1538 850 nostrum
1564 821 1595 849 et
1619 815 1710 849 Sedis
1738 815 1924 859 praedictae

1187 871 1425 914 beneplacitum
1440 870 1665 903 constituendo
1680 875 1711 903 et
1729 869 1924 913 deputando,

1188 923 1242 966 qui
1268 923 1300 956 in
1325 925 1462 966 utraque
1489 924 1540 956 vel
1565 924 1667 956 altera
1687 922 1851 965 signatura
1868 933 1926 956 no-

1188 978 1252 1008 stra
1277 976 1532 1016 referendarius,
1557 981 1611 1008 aut
1632 982 1742 1009 noster
1766 980 1798 1008 et
1822 975 1926 1008 dictae

1188 1028 1281 1061 Sedis
1306 1029 1452 1062 notarius
1484 1028 1727 1071 protonotarius
1760 1038 1927 1072 nuncupa-

1190 1088 1240 1115 tus
1265 1082 1304 1115 de
1329 1092 1466 1115 numero
1503 1082 1769 1126 participantium
1797 1091 1852 1114 seu
1881 1082 1926 1114 al·

1190 1134 1288 1168 terius
1313 1136 1517 1178 praelaturae
1543 1135 1637 1168 titulo
1662 1134 1839 1177 insignitus
1865 1134 1927 1167 exi-

1189 1193 1260 1228 stat,
1278 1198 1314 1221 ac
1338 1188 1477 1232 hyemali
1504 1188 1636 1231 quidem
1657 1198 1822 1230 vernoque
1848 1193 1928 1220 tem-

1189 1252 1268 1285 pore
1304 1242 1336 1274 in
1373 1244 1547 1274 memorata
1584 1243 1669 1274 terra
1693 1241 1928 1274 Civitatisvetu-

1190 1296 1238 1328 lae
1263 1295 1295 1327 in
1333 1295 1429 1328 domo
1464 1305 1522 1338 per
1551 1294 1716 1328 Cameram
1747 1294 1926 1338 praefatam

1190 1349 1347 1382 hactenus
1361 1349 1523 1392 assignata
1537 1359 1594 1392 pro
1613 1353 1759 1392 tempore
1775 1348 1926 1381 existenti

1191 1402 1405 1445 gubernatori
1430 1412 1596 1435 armorum
1614 1401 1717 1434 dictae
1735 1406 1841 1434 terrae
1863 1400 1926 1443 (0111

1191 1455 1328 1498 proinde
1344 1482 1351 1495 ,
1375 1455 1445 1488 loco
1471 1455 1585 1487 demtis
1612 1453 1818 1493 huiusmodi,
1841 1454 1928 1486 ultra

1191 1509 1260 1541 01115
1274 1513 1466 1541 consuetum
1488 1507 1695 1551 stipendium,
1717 1517 1823 1539 annua
1839 1517 1928 1539 sexa-

1191 1562 1279 1604 ginta
1303 1567 1392 1594 scuta
1416 1566 1566 1593 monetae
1588 1570 1742 1593 romanae
1766 1569 1825 1602 pro
1849 1569 1928 1602 pen-

1190 1615 1283 1647 sione
1319 1614 1454 1647 alterius
1493 1614 1608 1646 domus
1633 1624 1692 1656 per
1720 1623 1793 1645 eum
1819 1613 1851 1645 in
1875 1615 1928 1645 ea-

1191 1669 1264 1701 dem
1299 1670 1382 1700 1011ῑὶ
1407 1667 1675 1701 Civitatisvetulae
1706 1666 1843 1699 arbitrio
1867 1677 1926 1699 suo

1191 1721 1424 1754 conducendae
1442 1747 1449 1760 ,
1476 1720 1544 1753 dari
1578 1726 1608 1753 et
1639 1719 1800 1763 praestari
1829 1729 1922 1752 man-

1191 1774 1316 1817 damus)
1341 1774 1486 1806 residere
1513 1772 1645 1813 debeat,
1671 1772 1793 1806 aestivo
1818 1778 1927 1805 autem

1191 1832 1223 1860 et
1247 1827 1422 1859 autumnali
1460 1832 1605 1869 tempore
1642 1826 1738 1860 etiam
1775 1826 1809 1858 in
1841 1826 1927 1859 dicta

1192 1883 1277 1913 terra
1300 1879 1445 1922 Tulpliae
1481 1879 1626 1912 residere
1661 1879 1784 1922 possit,
1823 1879 1927 1911 omni-

1191 1934 1382 1976 modamque
1418 1932 1675 1965 iurisdictionem
1704 1932 1737 1965 in
1773 1932 1925 1965 omnibns

1190 1992 1222 2019 et
1245 1985 1382 2028 singulis
1397 1985 1499 2018 causis
1514 1984 1671 2023 civilibus,
1690 1984 1923 2025 criminalibus,

1190 2051 1226 2073 ac
1249 2039 1347 2072 meris
1373 2044 1405 2072 et
1428 2038 1535 2071 mixtis
1562 2038 1751 2071 dilectorum
1783 2037 1925 2071 tiliorum

1190 2092 1435 2126 universitatum
1461 2097 1492 2125 et
1510 2091 1677 2124 hominum
1693 2096 1851 2124 terrarum
1869 2091 1926 2123 hu-

1188 2146 1338 2185 iusmodi,
1365 2145 1558 2188 illarumque
1584 2145 1795 2178 comitatuum
1822 2149 1852 2177 et
1878 2143 1926 2177 di-

1189 2199 1365 2239 strictuum,
1403 2198 1498 2231 etiam
1533 2198 1640 2241 quoad
1666 2197 1829 2236 officiales,
1865 2196 1925 2230 mi-

1190 2253 1319 2293 nistros,
1346 2251 1473 2291 milites,
1499 2255 1631 2291 nautas,
1658 2250 1815 2292 remiges,
1841 2255 1924 2282 cete-

1189 2317 1303 2350 rasque
1345 2315 1503 2349 personas
1544 2314 1750 2346 quocumque
1790 2303 1923 2336 nomine

1189 2366 1407 2403 nuncupatas,
1447 2363 1509 2390 tam
1535 2357 1567 2389 in
1596 2356 1779 2404 triremibus
1803 2355 1922 2390 nostris

1189 2413 1374 2458 pontificiis,
1411 2421 1588 2454 earumque
1624 2411 1732 2450 classe,
1770 2421 1864 2454 quam
1890 2411 1924 2444 in

1187 2467 1349 2511 praesidio
1389 2465 1593 2508 supradictae
1634 2469 1739 2496 terrae
1764 2463 1925 2497 Civitatis-

1188 2522 1314 2553 vetulae
1348 2529 1432 2551 nunc
1458 2523 1489 2550 et
1513 2528 1572 2560 pro
1603 2523 1749 2560 tempere
1781 2517 1922 2550 existen-

409 2576 571 2619 praesenti
584 2574 1143 2614 existentisotticium‚necnonillius
1189 2579 1244 2613 tes,
1271 2579 1302 2606 et
1326 2572 1427 2605 libere
1454 2570 1569 2603 habeat
1595 2575 1625 2602 et
1649 2575 1801 2603 exerceat
1821 2571 1922 2613 (salva

408 2639 539 2671 nomen,
555 2628 693 2670 titulum,
713 2627 1021 2669 denominationem,
1036 2637 1145 2660 essen·
1189 2632 1308 2666 tamen,
1335 2624 1440 2668 quoad
1473 2623 1636 2664 0111010105,
1664 2623 1839 2661 ministros,
1862 2625 1919 2656 11ιὲ-

1926 235 1976 264 Αη.
1990 235 2023 267 G.
2043 233 2112 264 1693
