2254 3225
228 209 278 235 An.
300 209 328 235 c.
350 207 414 235 1691
463 198 527 233 302

273 1380 343 1400 cunr
357 1378 392 1399 tv.

281 1407 310 1426 De
330 1405 423 1431 graviori
470 1420 475 1426 .

241 1434 311 1459 culpa.

466 267 508 290 vi.
536 257 649 291 Adhuc
665 258 791 301 culpam
814 267 942 299 gravem
965 257 1110 295 dicimus,
1130 256 1155 287 si

425 311 497 353 quis
518 311 708 352 molestiam,
734 311 885 343 iniuriam
912 315 968 343 aut
988 310 1158 353 quodcum-

425 373 489 406 que
515 364 603 397 aliud
621 364 783 404 damnum,
802 363 860 396 sibi
883 374 900 396 a
918 362 1070 395 fratribus
1089 362 1158 394 illa-

426 421 515 458 tum,
549 417 756 459 parentibus,
784 415 930 459 cognatis
961 416 1011 447 vel
1046 414 1157 446 amicis

426 469 519 512 quasi
540 480 599 513 pro
624 469 741 503 solatio
766 468 949 511 aperuerit;
968 468 992 500 si
1019 467 1090 510 quis
1104 478 1159 509 pe-

426 521 557 555 titiones
590 526 621 554 et
651 521 796 561 litteras,
820 531 901 563 quae
925 530 986 563 pro
1018 519 1158 561 negotiis

427 580 643 607 conventuum
669 575 839 606 mittuntur
875 574 913 606 ad
952 572 1158 616 superiores,

428 627 665 671 subscripserit,
680 627 741 659 nisi
755 627 845 670 prius
860 627 891 658 in
906 626 1049 668 capitulo
1064 626 1160 668 pleno

427 681 596 723 legantur,
623 680 732 723 ibique
758 679 887 722 publice
916 678 1163 711 subscribantur

428 733 468 766 ab
505 733 674 773 omnibus;
701 733 727 766 si
765 733 836 775 quis
871 733 1010 775 aliquam
1041 732 1079 763 de
1112 731 1161 763 liis

429 786 581 828 gravibus
617 791 672 818 aut
702 786 824 818 levibus
857 785 961 828 culpis
993 785 1023 816 in
1055 794 1088 816 se
1113 784 1160 815 vel

429 839 492 871 alio
516 844 667 882 proterve
692 838 886 870 defenderit..

473 901 529 925 vti.
557 890 618 924 Pro
644 891 694 923 his
721 901 799 933 ergo
825 896 856 922 et
874 890 1032 923 similibus
1049 890 1162 932 culpis,

430 944 485 987 qui
509 944 636 977 veniam
653 943 721 976 sine
742 943 994 985 proclamatione
1016 952 1165 974 exorave-

429 997 481 1036 rit,
507 996 714 1040 correptione
740 998 897 1038 suscepta,
923 996 973 1028 vel
998 995 1095 1027 §.tiam
1121 995 1166 1028 di-

431 1050 570 1093 sciplina
602 1049 766 1089 adhibita,
801 1049 827 1081 si
859 1048 944 1082 iuxta
978 1048 1164 1091 qualitatem

431 1104 545 1145 culpae
576 1103 722 1145 praelato
747 1102 924 1144 placuerit,
950 1107 1014 1134 tres
1040 1101 1109 1133 dies
1134 1103 1164 1134 in

430 1165 515 1198 pane
541 1160 573 1188 et
598 1157 679 1198 aqua
703 1154 846 1194 ieiunet;
873 1155 1090 1197 proclamatus
1111 1164 1166 1186 au-

431 1213 496 1240 tem
519 1213 551 1240 et
566 1207 599 1240 in
625 1205 848 1241 consessione*
868 1207 1053 1246 obduratus,
1080 1207 1105 1239 si
1127 1206 1167 1239 sit

432 1261 561 1294 aliunde
596 1261 782 1300 convictus,
814 1261 900 1293 iuxta
936 1260 1087 1293 duritiam
1120 1261 1166 1292 sui

433 1314 540 1347 cordis
566 1314 741 1347 districtius
766 1324 783 1346 a
808 1314 954 1356 praelato
979 1312 1143 1355 puniatur.

478 1377 500 1400 1.
521 1366 566 1399 Ad
585 1366 763 1408 graviorem
781 1367 909 1408 culpam
926 1366 1095 1407 sequentia
1113 1366 1167 1397 cri·

434 1430 521 1452 mina
546 1419 702 1452 ducimus.
720 1418 826 1450 Primo
848 1419 933 1451 enim
958 1418 984 1450 si
1010 1418 1080 1460 quis
1098 1428 1169 1461 pec-

436 1479 543 1506 catum
567 1472 689 1505 lethale
710 1471 927 1511 connniscrit;
955 1471 980 1503 si
1000 1472 1069 1514 quis
1087 1471 1168 1503 latro

436 1525 630 1559 domesticus
655 1525 702 1557 vel
729 1523 838 1556 ebrius
863 1524 1086 1566 deprehensus
1105 1524 1170 1556 sue-

436 1580 497 1619 rit·²
513 1578 538 1611 si
553 1578 625 1621 quis
642 1577 673 1609 in
688 1582 796 1620 patres
811 1577 949 1609 maiores
965 1582 1020 1609 aut
1037 1577 1169 1619 stirpem

436 1632 573 1665 alicuius
592 1630 698 1663 fratris
716 1634 810 1673 turpe
825 1630 998 1673 quidquam
1016 1630 1064 1662 vel
1082 1630 1169 1662 inde-

436 1695 549 1718 corum
575 1682 748 1723 obiecerit,
767 1684 815 1715 vel
837 1683 949 1715 eadem
968 1683 998 1715 in
1017 1683 1170 1715 iudicium

436 1737 564 1771 Ordinis
584 1736 718 1775 deserat,
739 1745 821 1778 quae
841 1735 1027 1767 testimonio
1045 1742 1171 1768 nostro-

437 1800 507 1823 rum
532 1790 663 1822 fratrum
684 1788 821 1831 probare
840 1788 1036 1830 nequiverit,
1056 1788 1080 1820 si
1099 1789 1170 1830 quis

437 1843 478 1876 de
503 1841 598 1875 bonis
616 1841 675 1874 sibi
693 1841 829 1879 collatis,
847 1840 911 1873 sive
933 1841 971 1872 ad
992 1851 1083 1873 usum
1101 1851 1171 1883 per-

438 1895 556 1936 missis,
571 1894 747 1938 quidquam
772 1893 804 1925 in
829 1893 964 1925 materia
981 1893 1066 1935 gravi
1083 1904 1172 1936 prae-

438 1949 504 1981 lato
531 1946 700 1986 celaverit;
728 1946 752 1978 si
778 1946 850 1988 quis
874 1945 995 1978 ieiunia
1013 1946 1051 1978 ab
1069 1946 1172 1978 Eccle-

438 2001 485 2034 sia
502 2000 580 2033 locis
594 2010 649 2033 seu
671 1998 873 2032 dioecesibus
888 1998 1033 2031 instituta
1052 2005 1172 2032 temere.

438 2053 626 2092 violaverim
653 2051 677 2085 si
703 2051 774 2094 quis
800 2051 922 2084 litteras
942 2052 1173 2095 cuiuscumque

441 2107 481 2139 ad
506 2117 541 2139 se
566 2116 631 2139 non
657 2105 794 2138 directas
815 2115 974 2145 resecare,
995 2105 1102 2147 legere
1120 2110 1174 2137 aut

441 2159 641 2193 abscondere
667 2159 792 2196 audeat,
817 2158 878 2190 nisi
899 2158 994 2190 suerit
1011 2159 1173 2200 praelatus

441 2213 530 2246 illius
563 2211 601 2244 ad
638 2221 735 2254 quern
770 2211 971 2253 diriguntur3
994 2210 1019 2243 si
1045 2210 1116 2253 quis
1142 2210 1173 2242 in

442 2265 533 2299 curia
557 2264 715 2297 saeculari
741 2274 800 2307 pro
836 2265 933 2297 causa
956 2263 1062 2296 aliena
1087 2263 1176 2296 testi-

443 2318 588 2352 monium
612 2327 684 2350 cum
709 2316 887 2349 iuramento
912 2315 1083 2358 perhibeat
1107 2316 1176 2348 sine

442 2371 572 2405 licentia
596 2368 742 2414 praelati,
769 2375 799 2402 et
822 2368 987 2411 potissime
1013 2369 1039 2401 si
1056 2369 1174 2411 pretio,

445 2425 521 2458 odio
545 2425 595 2456 vel
620 2432 729 2456 amore
754 2422 785 2455 id
809 2421 1028 2464 praestiterit;
1055 2421 1080 2453 si
1107 2421 1176 2464 quis

444 2483 656 2522 praeceptum
680 2475 884 2509 obedientiae
917 2485 933 2507 a
957 2475 1103 2517 praelato
1128 2476 1175 2507 vel

483 2594 494 2620 1
516 2592 628 2620 Videtur
648 2590 790 2626 legendum
808 2590 834 2616 i'n
847 2589 1055 2624 incons'essione
1070 2588 1171 2623 (usit).

1000 207 1179 232 BULLARIUM
1203 206 1357 230 ROMANUM

1199 253 1483 287 constitutionibus
1502 253 1686 296 impositum
1705 254 1929 297 p1·aeterierit;

1199 307 1223 339 si
1250 307 1320 349 quis
1344 312 1451 339 votum
1476 306 1631 340 castitatis
1657 308 1873 340 temeraverit.

1243 370 1278 393 11.
1306 360 1351 392 Ad
1378 360 1461 392 hanc
1491 360 1584 393 etiam
1617 361 1743 404 culpam
1770 361 1930 394 trahimus

1199 414 1225 446 si
1246 424 1304 456 per
1324 413 1559 446 contumaciam
1578 413 1626 446 vel
1651 414 1855 447 manifestam
1881 425 1932 448 re-

1199 467 1375 499 bellionem
1390 477 1446 500 suo
1460 468 1604 509 praelato
1621 467 1715 499 suerit
1728 467 1934 508 inobediens,

1201 521 1249 553 vel
1274 530 1344 552 cum
1362 530 1400 553 eo
1421 519 1617 563 proterviter
1635 521 1832 554 contendere
1853 530 1933 553 ausu

1203 573 1376 605 temerario
1410 573 1682 616 praesumpserit;
1717 572 1743 606 si
1780 572 1851 615 quis
1876 583 1934 616 pro

1203 626 1395 659 declinanda
1421 625 1608 658 ohedientia
1633 625 1692 658 sibi
1710 626 1758 658 vel
1777 625 1868 658 alteri
1887 625 1935 657 in-

1203 679 1366 719 iungenda
1398 689 1455 711 seu
1488 678 1612 721 posita,
1638 679 1688 711 vel
1713 688 1772 721 pro
1797 688 1936 712 conven-

1205 733 1346 765 tualitate
1371 732 1573 774 assequenda
1609 742 1664 765 seu
1689 732 1862 772 mutanda,
1884 732 1936 764 vel

1204 797 1263 828 pro
1277 786 1481 829 impetrando
1500 785 1619 824 officio,
1637 785 1791 828 dignitate
1807 790 1860 818 aut
1873 795 1938 827 gra-

1206 839 1256 879 du,
1283 839 1346 870 sive
1372 848 1432 880 pro
1451 838 1521 870 aliis
1539 838 1795 881 quibuscumque
1814 848 1830 870 a
1847 848 1938 880 prae-

1206 891 1277 923 latis
1294 890 1420 923 Ordinis
1442 890 1627 923 obtinendis
1645 901 1702 933 per
1718 901 1752 923 se
1772 891 1819 923 vel
1842 890 1939 923 alium

1207 945 1331 976 favores
1353 948 1440 975 extra
1465 942 1618 975 Ordinem
1638 943 1870 985 procuraverit.

1250 1007 1296 1030 iit.
1326 996 1358 1028 ld
1385 1006 1484 1037 genus
1509 1001 1677 1038 praeterea
1693 1001 1776 1035 sunt,
1798 996 1823 1028 si
1849 1006 1940 1038 prae-

1207 1051 1288 1083 latus
1319 1048 1456 1081 infirmis
1490 1048 1656 1088 fratribus,
1682 1059 1764 1091 quae
1795 1049 1939 1081 medicus

1207 1101 1413 1145 praeceperit
1438 1106 1468 1133 et
1493 1111 1603 1133 eorum
1623 1101 1799 1133 valetudini
1822 1101 1942 1133 suerint

1208 1154 1412 1193 necessaria,
1440 1165 1505 1187 non
1531 1159 1714 1197 opportune
1739 1154 1939 1197 providerit;

1208 1208 1233 1240 si
1260 1208 1332 1250 quis
1357 1207 1427 1239 sine
1452 1217 1529 1239 voce
1556 1208 1602 1240 vel
1632 1217 1764 1240 munere
1791 1207 1829 1239 ad
1855 1208 1942 1249 capi-

1209 1261 1308 1293 tulum
1335 1261 1486 1302 generale
1514 1260 1561 1292 vel
1586 1260 1785 1302 provinciale
1804 1269 1943 1292 accesse-

1210 1313 1249 1345 rit
1273 1313 1340 1344 sine
1377 1312 1511 1355 speciali
1547 1311 1678 1344 licentia
1708 1312 1740 1344 in
1766 1312 1894 1355 scriptis
1925 1323 1943 1344 a

1211 1365 1363 1407 magistro
1387 1366 1436 1397 vel
1461 1364 1649 1407 provinciali
1668 1364 1845 1407 respective
1866 1375 1943 1398 con-

1211 1419 1321 1457 cessa,
1348 1417 1373 1449 si
1399 1418 1490 1459 quis,
1525 1417 1670 1449 scribens
1695 1418 1734 1450 ad
1767 1417 1941 1460 capitulum

1212 1471 1251 1503 (le
1277 1470 1326 1502 liis
1351 1480 1432 1512 quae
1453 1469 1491 1501 ad
1517 1475 1633 1504 statum
1658 1470 1787 1502 Ordinis
1813 1476 1867 1502 aut
1887 1470 1943 1502 ali—

1212 1523 1302 1555 cuius
1316 1523 1427 1555 domus
1445 1532 1577 1554 monere
1595 1522 1771 1562 conveniat,
1786 1533 1862 1555 vera
1878 1533 1944 1556 non

1212 1576 1380 1619 scripsisse
1401 1575 1566 1609 convictus
1588 1576 1702 1616 suerit;
1731 1576 1755 1608 si
1786 1586 1945 1609 commen-

1214 1631 1315 1669 dator,
1340 1629 1499 1661 rationem
1526 1628 1668 1662 reddens
1685 1629 1717 1660 in
1738 1629 1880 1672 capitulo
1905 1629 1943 1662 de

1214 1683 1309 1715 domo
1325 1683 1386 1714 sibi
1403 1678 1767 1720 credita‚defin5101·ium
1784 1680 1860 1715 salsa
1874 1693 1946 1715 nar-

1213 1735 1338 1768 ratione
1364 1734 1550 1777 deceperit;
1585 1734 1611 1767 si
1643 1734 1715 1777 quis
1745 1735 1867 1768 aditum
1900 1735 1945 1768 se-

1215 1788 1310 1821 minis
1342 1787 1379 1819 ad
1406 1788 1588 1820 clausuram
1618 1787 1823 1830 patefecerit,
1850 1798 1946 1820 easve

1216 1839 1384 1873 deduxerit
1419 1845 1473 1871 aut
1511 1839 1646 1871 intrasse
1681 1839 1886 1882 permiserit3
1919 1839 1946 1872 si

1215 1893 1285 1936 quis
1312 1892 1380 1925 sine
1405 1890 1535 1924 licentia
1559 1891 1693 1935 praelati
1714 1903 1732 1924 a
1751 1892 1947 1926 monasterio

1216 1945 1412 1988 egrediatur.

1259 2007 1299 2030 iv,
1326 1998 1442 2030 lterum
1475 1998 1568 2040 culpa
1592 1997 1719 2039 gravior
1744 2002 1800 2037 est,
1827 1997 1851 2030 si
1877 1998 1947 2040 quis

1216 2052 1301 2083 bona
1317 2050 1455 2091 Ordinis,
1474 2050 1512 2081 ad
1533 2060 1640 2083 curam
1659 2050 1720 2082 sibi
1738 2050 1864 2089 tradita,
1883 2050 1948 2082 dis-

1216 2103 1388 2146 sipaverit3
1419 2102 1444 2134 si
1470 2102 1539 2145 quis
1561 2102 1600 2134 ab
1619 2102 1756 2142 statutis,
1775 2103 1949 2135 ordinatio-

1218 2157 1312 2189 nibus
1331 2160 1362 2188 et
1378 2155 1635 2188 correctionibus
1657 2154 1784 2188 Ordinis
1802 2156 1850 2188 vel
1869 2166 1949 2188 com·

1217 2209 1441 2242 mendatorum
1466 2206 1651 2241 obedientia
1676 2209 1716 2240 ad
1741 2208 1838 2241 alium
1867 2209 1950 2241 iudi-

1218 2273 1287 2295 cem
1312 2261 1534 2304 appellaverit,
1553 2261 1603 2293 vel
1622 2260 1717 2293 etiam
1735 2261 1759 2293 si
1785 2262 1948 2304 praelatos

1219 2315 1379 2357 legitimos
1404 2319 1436 2347 et
1460 2313 1642 2346 ordinarios
1666 2314 1867 2346 recusatione
1895 2314 1950 2347 de-

1219 2368 1358 2411 pulerit3
1384 2367 1409 2399 si
1430 2366 1512 2409 quis,
1530 2371 1620 2399 extra
1635 2366 1716 2399 viam
1737 2366 1826 2407 iuris,
1845 2377 1951 2400 exeni-

1219 2421 1363 2463 ptionem
1388 2419 1427 2453 ab
1450 2419 1577 2453 Ordinis
1601 2419 1786 2452 obedientia
1805 2421 1855 2453 vel
1880 2430 1951 2453 cor-

1220 2474 1362 2507 rectione
1387 2471 1627 2516 procuraverit;
1654 2472 1679 2504 si
1712 2472 1782 2516 quis
1818 2473 1950 2506 fratrem

1220 2528 1268 2559 vel
1299 2526 1450 2559 Ordinem
1475 2531 1622 2558 nostrum
1650 2525 1681 2558 in
1710 2525 1839 2568 aliquod
1864 2526 1950 2569 apud

1221 2579 1299 2612 alias
1318 2589 1534 2621 quascumque
1553 2589 1706 2622 personas
1725 2578 1950 2619 &istimaveru-⁷

1939 208 1985 235 An.
2007 209 2036 236 G.
2055 211 2117 237 169t
