2227 3225
100 246 148 273 An.
165 245 192 273 C.
217 245 282 271 ιιῖ92

293 293 429 326 (ιι-ιοιιιίε
455 292 556 324 editas
586 292 733 331 litteras,
765 290 939 334 praedictis
964 300 1029 322 me-

293 350 491 377 moratorum
517 343 614 383 Sixti,
642 343 778 383 Leonis,
805 355 840 376 ac
867 343 910 376 Pii
937 343 973 375 lv
998 348 1030 375 et

292 398 336 430 rii
362 398 384 429 V
409 397 544 436 litteris,
573 402 731 440 quatenus
764 394 802 429 ad
829 396 948 440 aliquid
975 406 1029 428 eo-

291 460 361 484 rum
378 477 385 489 ,
413 460 496 493 quae
523 450 555 482 in
582 449 695 481 iisdem
722 449 788 481 suis
812 449 928 481 litteris
955 459 1029 480 con-

292 500 501 542 tinebantur,
528 502 756 545 pertinebant,
792 507 823 535 et
857 502 895 533 dc
921 501 1027 544 aliquo

291 565 402 587 eorum
427 556 610 588 statuebant
637 561 666 588 et
688 555 918 598 disponebant,
947 555 1029 587 anti-

291 609 415 651 quatis,
445 608 629 651 abrogatis,
664 614 694 641 et
719 608 847 651 penitus
871 607 1029 641 revocatis

291 666 322 693 et
347 661 493 700 sublatis,
527 661 665 704 plurima
691 661 870 701 innovavit,
897 661 1026 700 statuit,

290 714 432 746 decrevit
463 719 495 746 et
520 714 681 747 ordinavit
715 714 797 747 circa
828 714 974 747 aedificia
997 720 1029 746 et

289 772 439 799 ornatum
476 767 579 799 dictae
617 767 729 807 Urbis,
760 778 796 800 ae
821 773 945 800 coactas
972 777 1027 800 seu

290 820 488 853 voluntarias
513 820 738 860 venditiones,
765 826 795 853 ct
819 821 867 853 ius
891 821 1026 863 congrui

289 883 346 906 seu
383 875 540 905 retractas
580 873 767 905 earumdem
806 874 1026 906 venditionum

290 925 462 958 occasione
478 931 669 969 competens
683 926 1026 966 sot1iwtitutum‚111m

290 977 321 1010 in
347 978 460 1011 eadem
480 978 576 1017 Urbe,
598 984 660 1011 tum
690 979 773 1011 intra
794 979 852 1010 tria
869 984 899 1011 et
917 989 1028 1022 respe-

289 1030 371 1064 ctive
397 1031 566 1064 duodecim
594 1042 610 1064 a
635 1032 776 1074 praefata
802 1032 884 1065 Urbe
910 1033 1026 1066 millia-

290 1083 353 1123 ria,
383 1094 454 1116 cum
478 1083 587 1116 multis
614 1084 819 1117 facultatibus
844 1091 876 1117 et
900 1085 1026 1117 iurisdi-

290 1137 451 1170 ctionibus
481 1138 674 1181 plerumque
700 1150 716 1170 a
741 1138 893 1181 praefatis
925 1149 1027 1171 came-

290 1189 377 1223 rario
411 1196 443 1222 et
476 1190 598 1222 viarum
633 1190 793 1233 magistris
828 1191 1026 1224 coniunctim

290 1243 494 1275 exercendis.

133 1309 191 1329 Attae
216 1311 278 1332 ettam
334 1296 348 1338 ἓ
373 1295 404 1328 3.
433 1296 523 1328 Aliae
549 1306 680 1339 quoque
707 1301 738 1329 et
763 1296 959 1340 multiplites
978 1296 1025 1328 iu-

96 1337 127 1383 ..¹,'
137 1338 230 1384 ‘infidi
225 1344 278 1410 {tlt}
290 1348 332 1380 iis
320 1348 509 1388 dictiones,
532 1349 707 1387 facultates,
727 1360 823 1381 curae
843 1355 869 1381 et
891 1349 1026 1382 [unctio-

103 1396 148 1409 Ἠ
242 1398 345 1437 ξῘ-Ξιιῡε
364 1401 397 1434 in
418 1401 662 1444 quampluiibus
683 1401 747 1434 sive
772 1402 1023 1444 praedictor‚um

96 1398 124 1436 [ιι
125 1397 174 1436 ulta
175 1398 197 1436 t:
187 1423 223 1439 es

95 1443 278 1490 ciatissnussriti}
289 1455 356 1487 site
400 1454 537 1486 aliorum
576 1454 795 1487 Romanorum
835 1454 1024 1487 Pontificum

96 1499 138 1516 etto
147 1502 172 1515 us
207 1502 278 1517 eorum

95 1503 205 1544 affigam.
289 1506 574 1550 praedecessorum
588 1512 770 1539 nostiotum
786 1507 1022 1550 eliireorrapliis

289 1560 407 1593 litteris
431 1560 463 1592 in
488 1560 589 1593 forma
614 1560 743 1600 Brevis,
773 1569 809 1593 ac
842 1566 1025 1603 motuspro-

288 1613 348 1656 prii
375 1613 518 1652 nectutis,
552 1622 677 1645 necnon
703 1613 736 1644 in
761 1613 905 1645 eiusdem
931 1613 1023 1646 Urbis

287 1677 304 1699 a
328 1666 410 1699 Sede
436 1663 622 1709 Apostolica
647 1665 842 1698 confirmatis
878 1667 1021 1705 statutis,

287 1719 430 1753 eiusdem
451 1718 482 1751 S.
507 1718 543 1750 R.
566 1718 602 1750 E.
629 1719 807 1751 camerario
832 1719 972 1762 praesidi
992 1724 1024 1752 et

287 1772 453 1814 magistris
497 1771 618 1803 viarum
644 1771 818 1814 praefatis,
848 1772 1022 1814 aliquando

288 1825 424 1867 singulis
451 1823 636 1867 separatim,
663 1823 838 1866 aliquando
863 1824 1022 1867 aliquibus

287 1878 420 1916 mixtim,
450 1883 481 1909 et
505 1877 679 1919 aliquando
705 1876 854 1909 omnibus
880 1877 1020 1917 insimul,

287 1939 461 1963 concessae
476 1939 532 1961 seu
548 1929 760 1961 demandatae
775 1929 915 1961 suerunt:
935 1940 1023 1961 exer-

286 1984 396 2017 citium
423 1987 529 2014 tamen
555 1981 717 2013 iudicialis
743 1986 774 2014 et
799 1981 1022 2014 contentiosae

285 2034 520 2069 iurisdictionis
546 2034 578 2066 in
604 2033 642 2065 iis
673 2044 755 2077 quae
782 2034 876 2067 dictis
902 2035 1022 2068 viarum

285 2090 446 2133 magistris
472 2089 614 2121 iniuncta
639 2088 776 2127 fuerant,
794 2098 894 2131 penes
912 2100 1022 2121 eorum

285 2152 479 2177 assessorem
514 2141 553 2173 ab
591 2139 704 2173 cadem
730 2141 915 2183 Apostolica
940 2141 1021 2174 Sede

285 2199 473 2242 deputatum
500 2195 639 2228 existere
665 2200 844 2228 consuevit.

119 2257 274 2291 causaehaius
329 2251 343 2294 g
368 2250 400 2283 4.
423 2249 504 2282 Hinc
528 2258 597 2287 1103,
617 2247 782 2286 abusibus,
801 2248 855 2291 qui
882 2248 1022 2291 desuper

90 2290 256 2309 ‘mmmm'
285 2306 493 2349 irrepserant,
520 2311 702 2341 occurrere,
720 2301 862 2334 iustitiae
888 2301 1021 2334 admini-

283 2356 430 2391 strationi
445 2356 476 2388 in
495 2353 679 2398 praemissis
697 2353 824 2396 plenius
839 2356 1020 2393 consulere,

283 2421 320 2444 ae
343 2409 505 2453 praefatae
526 2406 620 2439 Urbis
640 2405 778 2445 ornatui,
797 2416 923 2438 necnon
943 2406 1020 2438 eius-

283 2464 357 2497 dem
386 2461 535 2503 illiusque
562 2459 727 2492 districtus
754 2464 786 2492 et
811 2458 942 2491 ditionis
969 2469 1019 2492 ec-

282 2514 479 2549 clesiasticae
505 2512 686 2555 respective
704 2512 838 2551 viarum,
859 2512 1017 2551 locorum,

282 2573 315 2601 et
338 2567 474 2600 aliorum
499 2574 774 2608 quorumcumque
800 2565 832 2596 in
865 2565 1018 2607 praefatis

280 2620 397 2656 litteris
429 2624 459 2651 et
494 2618 754 2651 ordinationibus
785 2618 1017 2662 quoquomodo

389 2690 468 2719 Bull.
484 2690 566 2716 Rom.
579 2703 612 2708 -
631 2688 692 2716 Vol.
710 2689 767 2717 XX.
912 2688 942 2715 61

886 241 1094 266 tNNOCENTttts
1121 241 1164 264 ΧΠ
1188 242 1235 265 Μ’.

1707 234 1764 267 Aa!

1071 294 1310 329 contentorum,
1326 289 1542 328 instructioni,
1555 293 1804 334 conservationi,

1071 342 1296 385 reparationi,
1327 342 1552 375 restaurationi
1581 348 1612 375 et
1641 354 1803 387 expurga-

1072 394 1162 434 tioni‚
1181 399 1334 437 quantum
1360 394 1452 428 nobis
1473 405 1508 426 ex
1527 396 1591 428 alto
1609 398 1806 439 conceditur,

1070 446 1202 479 uberius
1226 447 1404 490 respective
1430 447 1599 490 providere
1625 449 1805 492 cupientes,

1070 510 1107 532 ac
1131 505 1307 543 propterea
1341 501 1485 533 omnium
1521 501 1739 544 praefatarum
1777 508 1808 535 et

1071 553 1218 595 aliarum,
1235 554 1260 586 si
1280 565 1362 597 quae
1377 554 1449 594 siut,
1461 555 1651 595 litterarum,
1670 562 1734 589 tam
1748 557 1807 589 sub

1070 606 1213 649 plumbo,
1240 618 1334 650 quam
1360 607 1392 640 in
1418 608 1520 642 fornia
1546 609 1668 649 Brevis,
1687 615 1807 642 motus-

1069 661 1205 703 proprii,
1224 662 1425 701 eedularum,
1443 662 1749 706 chirographorum,
1761 674 1808 697 or-

1070 713 1270 746 dinationum
1296 719 1327 747 et
1351 719 1545 748 statutorum
1577 726 1806 758 quorumcum-

1070 776 1132 808 que
1150 766 1233 799 circa
1251 767 1427 809 praemissa
1445 767 1648 801 existentium
1668 773 1806 807 tenoreS,

1069 829 1104 851 ac
1120 819 1146 851 si
1165 819 1204 852 de
1224 820 1322 852 verbo
1341 820 1378 852 ad
1399 820 1530 853 verbum
1556 820 1668 853 inserti
1688 827 1805 861 essent,

1068 882 1129 914 pro
1153 872 1249 914 plene
1275 877 1307 905 et
1332 873 1531 906 sufficienter
1562 874 1723 916 expressis
1750 875 1806 907 lia

1069 924 1191 963 tientes,
1218 925 1256 957 de
1282 925 1473 958 dilectorum
1498 926 1640 959 sslioium
1667 929 1806 961 nonnul-
1824 938 1906 985 cann-¹
1901 944 1959 993 'Y‘
1979 947 1999 963 ι

1069 978 1171 1010 loium
1199 978 1362 1012 Romanae
1388 978 1499 1012 Curiae
1524 981 1744 1022 ptaelatorum
1774 986 1805 1013 et
1815 972 1848 1011 ι”ιῖΙ
1845 974 1871 1012 i
1860 973 1923 1014 „dini
1940 975 1987 1016 'iia
1978 977 2001 1024 ἶ,

1067 1030 1209 1063 vireium
1236 1031 1366 1074 piet,1te
1391 1032 1549 1071 doctlina,
1574 1033 1746 1076 prudentia
1775 1025 1893 1066 et'amm'

1068 1093 1173 1116 rerum
1198 1094 1254 1116 usu
1288 1085 1518 1127 praestantium
1556 1085 1741 1127 specialiter
1765 1087 1803 1119 ad

1068 1135 1099 1168 id
1115 1147 1133 1168 a
1150 1136 1243 1169 nobis
1263 1137 1501 1179 deputatorum,
1521 1138 1574 1181 qui
1593 1148 1658 1170 rem
1677 1144 1804 1172 mature

1068 1190 1310 1229 examinarunt,
1336 1190 1493 1230 consilio,
1523 1202 1559 1224 ac
1592 1191 1688 1224 etiam
1713 1198 1803 1225 motu

1068 1243 1210 1286 proprio,
1233 1253 1268 1275 ex
1295 1245 1381 1276 certa
1406 1243 1541 1276 scientia
1559 1249 1590 1277 et
1613 1247 1735 1278 matura
1754 1246 1805 1279 de-

1067 1296 1261 1329 liberatione
1296 1297 1437 1337 nostris,
1465 1298 1568 1340 deque
1602 1299 1802 1341 apostolicae

1067 1350 1237 1392 potestatis
1263 1351 1474 1393 plenitudine,
1500 1357 1695 1384 memoratas
1720 1353 1806 1386 litte-

1067 1413 1128 1441 ras‚
1147 1403 1287 1442 cedulas,
1316 1403 1554 1447 chirographa,
1582 1405 1805 1439 ordinationes

1067 1460 1098 1487 et
1122 1460 1261 1496 statuta,
1285 1456 1317 1488 in
1343 1456 1394 1488 his
1413 1467 1494 1499 quae
1521 1458 1746 1500 praesentibus
1776 1465 1807 1491 et

1066 1506 1215 1540 omnibus
1242 1513 1274 1540 et
1304 1508 1440 1551 singulis
1468 1509 1519 1541 liic
1544 1510 1707 1542 contentis
1728 1521 1805 1553 quo-

1066 1561 1228 1603 quomodo
1258 1571 1323 1594 non
1359 1562 1588 1601 adversantur,
1616 1564 1803 1596 carumdem

1067 1620 1177 1646 tenore
1193 1615 1422 1657 praesentium,
1443 1615 1668 1658 approbamus,
1688 1616 1804 1649 contir-

1065 1678 1185 1700 mamus
1204 1674 1235 1700 et
1248 1669 1447 1709 innovamus,
1465 1669 1594 1712 illisque
1609 1675 1803 1712 perpetuum

1065 1726 1096 1753 et,
1112 1720 1307 1753 inviolabilis
1328 1720 1485 1753 firmitatis
1503 1722 1604 1754 robur
1623 1722 1800 1763 adiicimus,

1064 1778 1095 1805 et
1119 1774 1158 1805 ab
1183 1773 1332 1806 omnibus
1357 1778 1389 1805 et
1407 1774 1554 1816 singulis,
1577 1774 1615 1806 ad
1636 1785 1716 1817 quos
1731 1786 1803 1818 spe7

1065 1831 1126 1858 ctat
1144 1831 1175 1859 et
1195 1837 1254 1869 pro
1274 1831 1420 1869 tempore
1435 1827 1605 1869 spectabit,
1622 1827 1751 1870 penitus
1768 1834 1800 1861 et

1064 1878 1194 1911 omnino
1211 1879 1373 1911 observati
1391 1880 1538 1912 volumus
1553 1885 1584 1912 et
1597 1881 1796 1914 mandamus.

1107 1933 1121 1975 ἓ
1171 1932 1434 1973 DecetnenteS,
1456 1943 1567 1966 omnes
1593 1939 1624 1966 et
1655 1934 1799 1976 singulas
1833 1943 1993 1965 Sedtuttasor-

1065 1944 1247 2019 huiusmodi
1273 1987 1407 2025 litteras,
1431 1986 1615 2019 sanctiones
1635 1992 1665 2019 et
1682 1971 1995 2021 ειειιυιειῗοῗῗιῖιῖιῗιΐῖιῇιὼ

1064 2044 1095 2071 et
1112 2039 1346 2078 oidinationes,
1363 2044 1425 2071 tam
1444 2039 1603 2082 speciales
1626 2040 1798 2074 ttibunalis

1064 2103 1119 2125 seu
1144 2092 1361 2135 magistratus,
1385 2103 1478 2135 quam
1505 2093 1684 2135 generales
1711 2098 1743 2126 et
1765 2094 1799 2127 in

1064 2150 1152 2188 parte
1171 2145 1210 2178 de
1229 2145 1355 2178 eorum¹
1375 2144 1527 2178 tribunali
1542 2156 1595 2177 seu
1608 2145 1799 2189 magistratu

1064 2202 1254 2237 tractantes,
1288 2207 1415 2230 necnon
1446 2208 1558 2230 omnes
1590 2203 1622 2230 et
1651 2198 1798 2241 singulas

1063 2250 1312 2287 iurisdictiones,
1339 2250 1513 2290 facultates,
1539 2260 1642 2290 curas,
1662 2251 1799 2284 functio-

1063 2314 1119 2336 nes
1140 2309 1171 2336 et
1195 2303 1492 2336 administrationes
1519 2303 1704 2337 huiusmodi
1723 2315 1798 2347 quo—

1062 2368 1124 2400 quo
1149 2357 1246 2390 modo
1272 2366 1458 2397 concessas,
1490 2367 1555 2390 non
1580 2357 1675 2390 aliter
1700 2368 1795 2401 quam

1062 2412 1099 2443 :td
1125 2411 1258 2444 sormam
1290 2411 1405 2443 barum
1440 2410 1659 2453 praesentium
1685 2411 1797 2444 obser-

1061 2465 1136 2505 vari,
1156 2463 1268 2507 exequi
1295 2468 1326 2496 et
1343 2463 1480 2505 intelligi
1498 2473 1591 2506 posse
1613 2468 1646 2495 et
1665 2463 1795 2503 debere,

1061 2517 1218 2561 perinde,
1245 2527 1279 2549 ac
1305 2516 1329 2549 si
1364 2516 1402 2548 ab
1428 2515 1521 2548 initio
1551 2515 1733 2556 institutae,
1763 2521 1795 2548 et

1061 2570 1240 2614 respective
1271 2579 1464 2607 concessae,
1489 2568 1659 2601 attributae
1676 2596 1683 2609 ,
1712 2569 1795 2602 dire-

1096 2635 1107 2660 1
1125 2631 1224 2659 Forsan
1238 2631 1331 2659 eodem
1346 2638 1395 2667 pro
1411 2637 1510 2658 eorum
1527 2629 1671 2665 legendum
1686 2630 1726 2664 (n.
1742 2629 1790 2665 τι).

1817 245 1865 271 An.
1886 244 1913 271 C.
1933 244 2015 271 1692.
