<?xml version="1.0" encoding="UTF-8"?>
<!DOCTYPE html PUBLIC "-//W3C//DTD XHTML 1.0 Transitional//EN"
    "http://www.w3.org/TR/xhtml1/DTD/xhtml1-transitional.dtd">
<html xmlns="http://www.w3.org/1999/xhtml" xml:lang="en" lang="en">
 <head>
  <title>
</title>
<meta http-equiv="Content-Type" content="text/html;charset=utf-8" />
  <meta name='ocr-system' content='tesseract 3.04.00' />
  <meta name='ocr-capabilities' content='ocr_page ocr_carea ocr_par ocr_line ocrx_word'/>
</head>
<body>
  <div class='ocr_page' id='page_1' title='image "./bullarumdiplomat20cath/bullarumdiplomat20cath_0946.png"; bbox 0 0 2254 3225; ppageno 0'>
   <div class='ocr_carea' id='block_1_1' title="bbox 182 248 486 285">
    <p class='ocr_par' dir='ltr' id='par_1_1' title="bbox 182 248 486 285">
     <span class='ocr_line' id='line_1_1' title="bbox 182 248 486 285; baseline -0.013 -1"><span class='ocrx_word' id='word_1_1' title='bbox 182 257 236 285; x_wconf 68' lang='lat' dir='ltr'>An.</span> <span class='ocrx_word' id='word_1_2' title='bbox 259 257 288 285; x_wconf 83' lang='lat' dir='ltr'>c.</span> <span class='ocrx_word' id='word_1_3' title='bbox 307 257 374 285; x_wconf 77' lang='lat'>1098</span> <span class='ocrx_word' id='word_1_4' title='bbox 422 248 486 281; x_wconf 74' lang='grc'>806</span> 
     </span>
    </p>
   </div>
   <div class='ocr_carea' id='block_1_2' title="bbox 197 2455 382 2507">
    <p class='ocr_par' dir='ltr' id='par_1_2' title="bbox 197 2455 382 2507">
     <span class='ocr_line' id='line_1_2' title="bbox 277 2455 382 2475; baseline 0 0"><span class='ocrx_word' id='word_1_5' title='bbox 277 2455 382 2475; x_wconf 68' lang='lat' dir='ltr'>S&#39;atntum</span> 
     </span>
     <span class='ocr_line' id='line_1_3' title="bbox 197 2482 337 2507; baseline 0.007 -7"><span class='ocrx_word' id='word_1_6' title='bbox 197 2482 337 2507; x_wconf 61' lang='lat' dir='ltr'>praedit-tuin.</span> 
     </span>
    </p>
   </div>
   <div class='ocr_carea' id='block_1_3' title="bbox 378 305 1137 2703">
    <p class='ocr_par' dir='ltr' id='par_1_3' title="bbox 378 305 1137 2425">
     <span class='ocr_line' id='line_1_4' title="bbox 379 305 1122 351; baseline 0.004 -13"><span class='ocrx_word' id='word_1_7' title='bbox 379 311 422 347; x_wconf 91' lang='lat' dir='ltr'>ut,</span> <span class='ocrx_word' id='word_1_8' title='bbox 443 317 507 351; x_wconf 80' lang='lat' dir='ltr'>quo</span> <span class='ocrx_word' id='word_1_9' title='bbox 527 305 566 339; x_wconf 91' lang='lat' dir='ltr'>ab</span> <span class='ocrx_word' id='word_1_10' title='bbox 586 306 657 340; x_wconf 82' lang='lat' dir='ltr'>aliis</span> <span class='ocrx_word' id='word_1_11' title='bbox 674 306 1054 350; x_wconf 72' lang='lat' dir='ltr'>canonicisregularibus</span> <span class='ocrx_word' id='word_1_12' title='bbox 1071 306 1122 341; x_wconf 87' lang='lat' dir='ltr'>Or-</span> 
     </span>
     <span class='ocr_line' id='line_1_5' title="bbox 379 361 1123 405; baseline 0.001 -11"><span class='ocrx_word' id='word_1_13' title='bbox 379 361 464 395; x_wconf 83' lang='lat' dir='ltr'>dinis</span> <span class='ocrx_word' id='word_1_14' title='bbox 490 362 646 405; x_wconf 87' lang='lat' dir='ltr'>praedieti</span> <span class='ocrx_word' id='word_1_15' title='bbox 673 362 966 405; x_wconf 74' lang='lat' dir='ltr'>distinguerentur,</span> <span class='ocrx_word' id='word_1_16' title='bbox 986 362 1045 395; x_wconf 88' lang='lat' dir='ltr'>sibi</span> <span class='ocrx_word' id='word_1_17' title='bbox 1067 363 1123 395; x_wconf 90' lang='lat' dir='ltr'>ha-</span> 
     </span>
     <span class='ocr_line' id='line_1_6' title="bbox 378 414 1122 457; baseline 0.001 -10"><span class='ocrx_word' id='word_1_18' title='bbox 378 414 465 447; x_wconf 82' lang='lat' dir='ltr'>bitus</span> <span class='ocrx_word' id='word_1_19' title='bbox 480 415 638 457; x_wconf 79' lang='lat' dir='ltr'>regularis</span> <span class='ocrx_word' id='word_1_20' title='bbox 653 416 788 448; x_wconf 86' lang='lat' dir='ltr'>formam</span> <span class='ocrx_word' id='word_1_21' title='bbox 808 415 978 448; x_wconf 89' lang='lat' dir='ltr'>immutare</span> <span class='ocrx_word' id='word_1_22' title='bbox 1000 416 1122 454; x_wconf 88' lang='lat' dir='ltr'>liceret,</span> 
     </span>
     <span class='ocr_line' id='line_1_7' title="bbox 380 467 1124 510; baseline 0.001 -11"><span class='ocrx_word' id='word_1_23' title='bbox 380 467 418 499; x_wconf 87' lang='lat' dir='ltr'>ab</span> <span class='ocrx_word' id='word_1_24' title='bbox 445 478 550 510; x_wconf 84' lang='lat' dir='ltr'>eoque</span> <span class='ocrx_word' id='word_1_25' title='bbox 576 468 803 506; x_wconf 87' lang='lat' dir='ltr'>obtinuerunt,</span> <span class='ocrx_word' id='word_1_26' title='bbox 819 474 863 506; x_wconf 84' lang='lat' dir='ltr'>ut,</span> <span class='ocrx_word' id='word_1_27' title='bbox 885 469 922 500; x_wconf 87' lang='lat' dir='ltr'>ad</span> <span class='ocrx_word' id='word_1_28' title='bbox 942 468 1044 501; x_wconf 74' lang='lat' dir='ltr'>instar</span> <span class='ocrx_word' id='word_1_29' title='bbox 1062 469 1124 501; x_wconf 87' lang='lat' dir='ltr'>fra-</span> 
     </span>
     <span class='ocr_line' id='line_1_8' title="bbox 381 521 1124 554; baseline 0.001 -1"><span class='ocrx_word' id='word_1_30' title='bbox 381 525 464 553; x_wconf 82' lang='lat' dir='ltr'>trum</span> <span class='ocrx_word' id='word_1_31' title='bbox 482 521 707 554; x_wconf 80' lang='lat' dir='ltr'>Caleealorum</span> <span class='ocrx_word' id='word_1_32' title='bbox 722 521 851 554; x_wconf 84' lang='lat' dir='ltr'>Ordinis</span> <span class='ocrx_word' id='word_1_33' title='bbox 871 521 984 553; x_wconf 87' lang='lat' dir='ltr'>beatae</span> <span class='ocrx_word' id='word_1_34' title='bbox 1007 521 1124 554; x_wconf 79' lang='lat' dir='ltr'>Mariae</span> 
     </span>
     <span class='ocr_line' id='line_1_9' title="bbox 382 574 1125 617; baseline -0.001 -10"><span class='ocrx_word' id='word_1_35' title='bbox 382 574 422 607; x_wconf 87' lang='lat' dir='ltr'>de</span> <span class='ocrx_word' id='word_1_36' title='bbox 448 574 595 607; x_wconf 82' lang='lat' dir='ltr'>Mercede</span> <span class='ocrx_word' id='word_1_37' title='bbox 628 574 864 616; x_wconf 69' lang='lat' dir='ltr'>redemptionis</span> <span class='ocrx_word' id='word_1_38' title='bbox 900 574 1125 617; x_wconf 84' lang='lat' dir='ltr'>captivorum,</span> 
     </span>
     <span class='ocr_line' id='line_1_10' title="bbox 382 627 1123 661; baseline -0.004 0"><span class='ocrx_word' id='word_1_39' title='bbox 382 628 529 661; x_wconf 85' lang='lat' dir='ltr'>habitum</span> <span class='ocrx_word' id='word_1_40' title='bbox 555 628 619 660; x_wconf 69' lang='lat' dir='ltr'>allii</span> <span class='ocrx_word' id='word_1_41' title='bbox 645 628 762 661; x_wconf 89' lang='lat' dir='ltr'>coloris</span> <span class='ocrx_word' id='word_1_42' title='bbox 789 638 824 659; x_wconf 64' lang='lat' dir='ltr'>ex</span> <span class='ocrx_word' id='word_1_43' title='bbox 852 627 1010 660; x_wconf 79' lang='lat' dir='ltr'>stamineo</span> <span class='ocrx_word' id='word_1_44' title='bbox 1037 632 1123 659; x_wconf 79' lang='lat' dir='ltr'>textu</span> 
     </span>
     <span class='ocr_line' id='line_1_11' title="bbox 383 681 1125 724; baseline -0.004 -9"><span class='ocrx_word' id='word_1_45' title='bbox 383 681 562 720; x_wconf 87' lang='lat' dir='ltr'>subtiliori,</span> <span class='ocrx_word' id='word_1_46' title='bbox 588 682 657 714; x_wconf 88' lang='lat' dir='ltr'>sine</span> <span class='ocrx_word' id='word_1_47' title='bbox 678 687 784 714; x_wconf 88' lang='lat' dir='ltr'>tamen</span> <span class='ocrx_word' id='word_1_48' title='bbox 805 683 924 713; x_wconf 78' lang='lat' dir='ltr'>tessera</span> <span class='ocrx_word' id='word_1_49' title='bbox 941 681 1125 724; x_wconf 85' lang='lat' dir='ltr'>scapulario</span> 
     </span>
     <span class='ocr_line' id='line_1_12' title="bbox 383 734 1125 777; baseline -0.001 -10"><span class='ocrx_word' id='word_1_50' title='bbox 383 735 517 773; x_wconf 79' lang='lat' dir='ltr'>adsuta,</span> <span class='ocrx_word' id='word_1_51' title='bbox 545 744 580 766; x_wconf 88' lang='lat' dir='ltr'>ac</span> <span class='ocrx_word' id='word_1_52' title='bbox 606 734 728 777; x_wconf 86' lang='lat' dir='ltr'>absque</span> <span class='ocrx_word' id='word_1_53' title='bbox 754 735 909 766; x_wconf 84' lang='lat' dir='ltr'>mantello</span> <span class='ocrx_word' id='word_1_54' title='bbox 943 744 999 766; x_wconf 90' lang='lat' dir='ltr'>seu</span> <span class='ocrx_word' id='word_1_55' title='bbox 1025 734 1125 777; x_wconf 88' lang='lat' dir='ltr'>pallio</span> 
     </span>
     <span class='ocr_line' id='line_1_13' title="bbox 385 788 1127 831; baseline 0.001 -12"><span class='ocrx_word' id='word_1_56' title='bbox 385 798 484 831; x_wconf 89' lang='lat' dir='ltr'>super</span> <span class='ocrx_word' id='word_1_57' title='bbox 502 788 642 831; x_wconf 84' lang='lat' dir='ltr'>caputio,</span> <span class='ocrx_word' id='word_1_58' title='bbox 660 792 790 830; x_wconf 80' lang='lat' dir='ltr'>gestare</span> <span class='ocrx_word' id='word_1_59' title='bbox 817 789 971 827; x_wconf 64' lang='lat' dir='ltr'>valerent,</span> <span class='ocrx_word' id='word_1_60' title='bbox 988 798 1052 830; x_wconf 82' lang='lat' dir='ltr'>quo</span> <span class='ocrx_word' id='word_1_61' title='bbox 1071 788 1127 820; x_wconf 86' lang='lat' dir='ltr'>ha-</span> 
     </span>
     <span class='ocr_line' id='line_1_14' title="bbox 384 840 1128 884; baseline -0.001 -12"><span class='ocrx_word' id='word_1_62' title='bbox 384 841 454 873; x_wconf 88' lang='lat' dir='ltr'>bitu</span> <span class='ocrx_word' id='word_1_63' title='bbox 481 841 541 884; x_wconf 89' lang='lat' dir='ltr'>ipsi</span> <span class='ocrx_word' id='word_1_64' title='bbox 565 846 767 884; x_wconf 71' lang='lat' dir='ltr'>exponentes</span> <span class='ocrx_word' id='word_1_65' title='bbox 788 841 826 873; x_wconf 91' lang='lat' dir='ltr'>de</span> <span class='ocrx_word' id='word_1_66' title='bbox 843 840 1010 884; x_wconf 79' lang='lat' dir='ltr'>praesenti</span> <span class='ocrx_word' id='word_1_67' title='bbox 1032 846 1128 872; x_wconf 89' lang='lat' dir='ltr'>utun-</span> 
     </span>
     <span class='ocr_line' id='line_1_15' title="bbox 386 894 1128 937; baseline 0 -11"><span class='ocrx_word' id='word_1_68' title='bbox 386 900 449 926; x_wconf 84' lang='lat' dir='ltr'>tur.</span> <span class='ocrx_word' id='word_1_69' title='bbox 478 894 553 927; x_wconf 87' lang='lat' dir='ltr'>Cum</span> <span class='ocrx_word' id='word_1_70' title='bbox 586 900 712 933; x_wconf 87' lang='lat' dir='ltr'>autem,</span> <span class='ocrx_word' id='word_1_71' title='bbox 743 894 827 926; x_wconf 86' lang='lat' dir='ltr'>sicut</span> <span class='ocrx_word' id='word_1_72' title='bbox 859 894 973 926; x_wconf 79' lang='lat' dir='ltr'>eadem</span> <span class='ocrx_word' id='word_1_73' title='bbox 1000 894 1128 937; x_wconf 80' lang='lat' dir='ltr'>exposi-</span> 
     </span>
     <span class='ocr_line' id='line_1_16' title="bbox 384 947 1129 991; baseline 0 -11"><span class='ocrx_word' id='word_1_74' title='bbox 384 947 427 980; x_wconf 87' lang='lat' dir='ltr'>tio</span> <span class='ocrx_word' id='word_1_75' title='bbox 451 947 682 989; x_wconf 75' lang='lat' dir='ltr'>subiungebat,</span> <span class='ocrx_word' id='word_1_76' title='bbox 706 947 781 980; x_wconf 90' lang='lat' dir='ltr'>dicti</span> <span class='ocrx_word' id='word_1_77' title='bbox 812 953 1016 991; x_wconf 79' lang='lat' dir='ltr'>exponentes</span> <span class='ocrx_word' id='word_1_78' title='bbox 1035 958 1129 980; x_wconf 86' lang='lat' dir='ltr'>usum</span> 
     </span>
     <span class='ocr_line' id='line_1_17' title="bbox 384 1001 1129 1045; baseline -0.001 -10"><span class='ocrx_word' id='word_1_79' title='bbox 384 1001 515 1035; x_wconf 88' lang='lat' dir='ltr'>habitus</span> <span class='ocrx_word' id='word_1_80' title='bbox 544 1001 731 1034; x_wconf 85' lang='lat' dir='ltr'>huiusmodi</span> <span class='ocrx_word' id='word_1_81' title='bbox 769 1002 997 1045; x_wconf 69' lang='lat' dir='ltr'>imprudenter</span> <span class='ocrx_word' id='word_1_82' title='bbox 1027 1006 1057 1035; x_wconf 88' lang='lat' dir='ltr'>et</span> <span class='ocrx_word' id='word_1_83' title='bbox 1082 1002 1129 1034; x_wconf 91' lang='lat' dir='ltr'>in-</span> 
     </span>
     <span class='ocr_line' id='line_1_18' title="bbox 385 1055 1130 1088; baseline -0.001 0"><span class='ocrx_word' id='word_1_84' title='bbox 385 1055 591 1088; x_wconf 68' lang='lat' dir='ltr'>considerate</span> <span class='ocrx_word' id='word_1_85' title='bbox 618 1056 656 1087; x_wconf 87' lang='lat' dir='ltr'>ab</span> <span class='ocrx_word' id='word_1_86' title='bbox 675 1066 787 1088; x_wconf 86' lang='lat' dir='ltr'>eorum</span> <span class='ocrx_word' id='word_1_87' title='bbox 807 1055 1070 1088; x_wconf 73' lang='lat' dir='ltr'>antecessoribus</span> <span class='ocrx_word' id='word_1_88' title='bbox 1086 1055 1130 1087; x_wconf 91' lang='lat' dir='ltr'>in-</span> 
     </span>
     <span class='ocr_line' id='line_1_19' title="bbox 385 1108 1128 1152; baseline 0 -10"><span class='ocrx_word' id='word_1_89' title='bbox 385 1109 570 1142; x_wconf 84' lang='lat' dir='ltr'>troductum</span> <span class='ocrx_word' id='word_1_90' title='bbox 597 1108 706 1146; x_wconf 80' lang='lat' dir='ltr'>fuisse,</span> <span class='ocrx_word' id='word_1_91' title='bbox 730 1109 903 1152; x_wconf 78' lang='lat' dir='ltr'>ipsumque</span> <span class='ocrx_word' id='word_1_92' title='bbox 922 1109 1068 1142; x_wconf 87' lang='lat' dir='ltr'>habitum</span> <span class='ocrx_word' id='word_1_93' title='bbox 1089 1110 1128 1142; x_wconf 88' lang='lat' dir='ltr'>ab</span> 
     </span>
     <span class='ocr_line' id='line_1_20' title="bbox 386 1162 1131 1206; baseline -0.001 -11"><span class='ocrx_word' id='word_1_94' title='bbox 386 1173 438 1203; x_wconf 90' lang='lat' dir='ltr'>eo,</span> <span class='ocrx_word' id='word_1_95' title='bbox 467 1162 520 1205; x_wconf 79' lang='lat' dir='ltr'>qui</span> <span class='ocrx_word' id='word_1_96' title='bbox 547 1173 605 1206; x_wconf 86' lang='lat' dir='ltr'>per</span> <span class='ocrx_word' id='word_1_97' title='bbox 623 1163 768 1205; x_wconf 78' lang='lat' dir='ltr'>regulam</span> <span class='ocrx_word' id='word_1_98' title='bbox 787 1163 888 1195; x_wconf 83' lang='lat' dir='ltr'>sancti</span> <span class='ocrx_word' id='word_1_99' title='bbox 907 1162 1059 1195; x_wconf 80' lang='lat' dir='ltr'>Norberti</span> <span class='ocrx_word' id='word_1_100' title='bbox 1078 1162 1131 1195; x_wconf 91' lang='lat' dir='ltr'>Or-</span> 
     </span>
     <span class='ocr_line' id='line_1_21' title="bbox 387 1215 1128 1259; baseline -0.001 -11"><span class='ocrx_word' id='word_1_101' title='bbox 387 1216 470 1249; x_wconf 83' lang='lat' dir='ltr'>dinis</span> <span class='ocrx_word' id='word_1_102' title='bbox 496 1216 651 1259; x_wconf 75' lang='lat' dir='ltr'>praedicti</span> <span class='ocrx_word' id='word_1_103' title='bbox 676 1216 856 1248; x_wconf 84' lang='lat' dir='ltr'>fuudatoris</span> <span class='ocrx_word' id='word_1_104' title='bbox 882 1215 1128 1259; x_wconf 70' lang='lat' dir='ltr'>praescribitur,</span> 
     </span>
     <span class='ocr_line' id='line_1_22' title="bbox 386 1268 1131 1313; baseline 0.001 -13"><span class='ocrx_word' id='word_1_105' title='bbox 386 1270 506 1313; x_wconf 84' lang='lat' dir='ltr'>quique</span> <span class='ocrx_word' id='word_1_106' title='bbox 532 1280 548 1302; x_wconf 87' lang='lat' dir='ltr'>a</span> <span class='ocrx_word' id='word_1_107' title='bbox 574 1269 741 1302; x_wconf 88' lang='lat' dir='ltr'>canonicis</span> <span class='ocrx_word' id='word_1_108' title='bbox 766 1269 973 1311; x_wconf 65' lang='lat' dir='ltr'>regularibus</span> <span class='ocrx_word' id='word_1_109' title='bbox 999 1268 1131 1312; x_wconf 80' lang='lat' dir='ltr'>provin-</span> 
     </span>
     <span class='ocr_line' id='line_1_23' title="bbox 387 1322 1130 1363; baseline -0.001 -8"><span class='ocrx_word' id='word_1_110' title='bbox 387 1323 510 1355; x_wconf 87' lang='lat' dir='ltr'>ciarum</span> <span class='ocrx_word' id='word_1_111' title='bbox 529 1323 650 1363; x_wconf 88' lang='lat' dir='ltr'>ltaliae,</span> <span class='ocrx_word' id='word_1_112' title='bbox 677 1323 833 1355; x_wconf 83' lang='lat' dir='ltr'>Franciae</span> <span class='ocrx_word' id='word_1_113' title='bbox 860 1329 891 1355; x_wconf 87' lang='lat' dir='ltr'>et</span> <span class='ocrx_word' id='word_1_114' title='bbox 916 1322 1130 1355; x_wconf 77' lang='lat' dir='ltr'>Alemanniae</span> 
     </span>
     <span class='ocr_line' id='line_1_24' title="bbox 387 1375 1131 1419; baseline 0 -11"><span class='ocrx_word' id='word_1_115' title='bbox 387 1376 463 1409; x_wconf 91' lang='lat' dir='ltr'>dicti</span> <span class='ocrx_word' id='word_1_116' title='bbox 490 1376 619 1409; x_wconf 81' lang='lat' dir='ltr'>Ordinis</span> <span class='ocrx_word' id='word_1_117' title='bbox 647 1377 849 1419; x_wconf 83' lang='lat' dir='ltr'>aliarumque</span> <span class='ocrx_word' id='word_1_118' title='bbox 880 1375 1050 1408; x_wconf 69' lang='lat' dir='ltr'>christiani</span> <span class='ocrx_word' id='word_1_119' title='bbox 1080 1386 1131 1409; x_wconf 91' lang='lat' dir='ltr'>or-</span> 
     </span>
     <span class='ocr_line' id='line_1_25' title="bbox 385 1429 1132 1474; baseline 0 -12"><span class='ocrx_word' id='word_1_120' title='bbox 385 1430 436 1463; x_wconf 86' lang='lat' dir='ltr'>bis</span> <span class='ocrx_word' id='word_1_121' title='bbox 462 1431 613 1474; x_wconf 89' lang='lat' dir='ltr'>partium,</span> <span class='ocrx_word' id='word_1_122' title='bbox 640 1431 672 1462; x_wconf 94' lang='lat' dir='ltr'>in</span> <span class='ocrx_word' id='word_1_123' title='bbox 699 1441 778 1473; x_wconf 80' lang='lat' dir='ltr'>quas</span> <span class='ocrx_word' id='word_1_124' title='bbox 803 1430 888 1462; x_wconf 89' lang='lat' dir='ltr'>idem</span> <span class='ocrx_word' id='word_1_125' title='bbox 910 1429 995 1462; x_wconf 90' lang='lat' dir='ltr'>Ordo</span> <span class='ocrx_word' id='word_1_126' title='bbox 1014 1440 1132 1473; x_wconf 82' lang='lat' dir='ltr'>propa-</span> 
     </span>
     <span class='ocr_line' id='line_1_26' title="bbox 390 1483 1129 1527; baseline -0.003 -11"><span class='ocrx_word' id='word_1_127' title='bbox 390 1489 484 1527; x_wconf 83' lang='lat' dir='ltr'>gatus</span> <span class='ocrx_word' id='word_1_128' title='bbox 511 1484 684 1526; x_wconf 81' lang='lat' dir='ltr'>reperitur,</span> <span class='ocrx_word' id='word_1_129' title='bbox 713 1484 751 1515; x_wconf 89' lang='lat' dir='ltr'>de</span> <span class='ocrx_word' id='word_1_130' title='bbox 779 1483 945 1526; x_wconf 77' lang='lat' dir='ltr'>praesenti</span> <span class='ocrx_word' id='word_1_131' title='bbox 972 1489 1129 1525; x_wconf 77' lang='lat' dir='ltr'>gestatur,</span> 
     </span>
     <span class='ocr_line' id='line_1_27' title="bbox 389 1536 1132 1579; baseline -0.001 -10"><span class='ocrx_word' id='word_1_132' title='bbox 389 1542 420 1570; x_wconf 87' lang='lat' dir='ltr'>et</span> <span class='ocrx_word' id='word_1_133' title='bbox 445 1537 623 1579; x_wconf 56' lang='lat' dir='ltr'>antiquitis</span> <span class='ocrx_word' id='word_1_134' title='bbox 648 1538 745 1568; x_wconf 48' lang='lat' dir='ltr'>etia-,in</span> <span class='ocrx_word' id='word_1_135' title='bbox 771 1547 787 1569; x_wconf 83' lang='lat' dir='ltr'>a</span> <span class='ocrx_word' id='word_1_136' title='bbox 812 1536 977 1569; x_wconf 82' lang='lat' dir='ltr'>canonicis</span> <span class='ocrx_word' id='word_1_137' title='bbox 1005 1538 1132 1578; x_wconf 75' lang='lat' dir='ltr'>regula-</span> 
     </span>
     <span class='ocr_line' id='line_1_28' title="bbox 389 1589 1128 1631; baseline -0.001 -8"><span class='ocrx_word' id='word_1_138' title='bbox 389 1591 478 1623; x_wconf 85' lang='lat' dir='ltr'>ribus</span> <span class='ocrx_word' id='word_1_139' title='bbox 505 1590 635 1622; x_wconf 86' lang='lat' dir='ltr'>Ordinis</span> <span class='ocrx_word' id='word_1_140' title='bbox 669 1589 856 1622; x_wconf 80' lang='lat' dir='ltr'>liuiusmodi</span> <span class='ocrx_word' id='word_1_141' title='bbox 883 1590 914 1622; x_wconf 92' lang='lat' dir='ltr'>in</span> <span class='ocrx_word' id='word_1_142' title='bbox 940 1600 1042 1631; x_wconf 73' lang='lat' dir='ltr'>regno</span> <span class='ocrx_word' id='word_1_143' title='bbox 1068 1590 1128 1623; x_wconf 86' lang='lat' dir='ltr'>Ca-</span> 
     </span>
     <span class='ocr_line' id='line_1_29' title="bbox 390 1642 1132 1686; baseline -0.001 -9"><span class='ocrx_word' id='word_1_144' title='bbox 390 1645 505 1677; x_wconf 82' lang='lat' dir='ltr'>stellae</span> <span class='ocrx_word' id='word_1_145' title='bbox 525 1643 719 1686; x_wconf 62' lang='lat' dir='ltr'>degentibus</span> <span class='ocrx_word' id='word_1_146' title='bbox 742 1644 939 1685; x_wconf 67' lang='lat' dir='ltr'>gestabatur,</span> <span class='ocrx_word' id='word_1_147' title='bbox 964 1642 1132 1676; x_wconf 73' lang='lat' dir='ltr'>dill&#39;ormen</span> 
     </span>
     <span class='ocr_line' id='line_1_30' title="bbox 391 1697 1132 1740; baseline 0 -10"><span class='ocrx_word' id='word_1_148' title='bbox 391 1708 477 1737; x_wconf 88' lang='lat' dir='ltr'>esse,</span> <span class='ocrx_word' id='word_1_149' title='bbox 503 1698 651 1740; x_wconf 75' lang='lat' dir='ltr'>adeoque</span> <span class='ocrx_word' id='word_1_150' title='bbox 676 1707 709 1729; x_wconf 89' lang='lat' dir='ltr'>se</span> <span class='ocrx_word' id='word_1_151' title='bbox 734 1707 793 1739; x_wconf 88' lang='lat' dir='ltr'>per</span> <span class='ocrx_word' id='word_1_152' title='bbox 819 1697 906 1730; x_wconf 90' lang='lat' dir='ltr'>illius</span> <span class='ocrx_word' id='word_1_153' title='bbox 932 1697 1132 1730; x_wconf 70' lang='lat' dir='ltr'>delationem</span> 
     </span>
     <span class='ocr_line' id='line_1_31' title="bbox 390 1750 1134 1793; baseline -0.004 -8"><span class='ocrx_word' id='word_1_154' title='bbox 390 1764 408 1785; x_wconf 85' lang='lat' dir='ltr'>a</span> <span class='ocrx_word' id='word_1_155' title='bbox 434 1752 538 1785; x_wconf 88' lang='lat' dir='ltr'>dictae</span> <span class='ocrx_word' id='word_1_156' title='bbox 565 1751 700 1793; x_wconf 75' lang='lat' dir='ltr'>regulae</span> <span class='ocrx_word' id='word_1_157' title='bbox 734 1750 889 1783; x_wconf 81' lang='lat' dir='ltr'>institutis</span> <span class='ocrx_word' id='word_1_158' title='bbox 916 1750 1074 1790; x_wconf 76' lang='lat' dir='ltr'>deficere,</span> <span class='ocrx_word' id='word_1_159' title='bbox 1101 1757 1134 1784; x_wconf 88' lang='lat' dir='ltr'>et</span> 
     </span>
     <span class='ocr_line' id='line_1_32' title="bbox 389 1804 1132 1848; baseline -0.001 -10"><span class='ocrx_word' id='word_1_160' title='bbox 389 1805 527 1848; x_wconf 85' lang='lat' dir='ltr'>insuper</span> <span class='ocrx_word' id='word_1_161' title='bbox 548 1817 565 1837; x_wconf 86' lang='lat' dir='ltr'>a</span> <span class='ocrx_word' id='word_1_162' title='bbox 591 1804 744 1837; x_wconf 83' lang='lat' dir='ltr'>fratribus</span> <span class='ocrx_word' id='word_1_163' title='bbox 762 1804 977 1847; x_wconf 87' lang='lat' dir='ltr'>quorumdam</span> <span class='ocrx_word' id='word_1_164' title='bbox 995 1804 1132 1837; x_wconf 87' lang='lat' dir='ltr'>aliorum</span> 
     </span>
     <span class='ocr_line' id='line_1_33' title="bbox 390 1857 1135 1900; baseline 0 -9"><span class='ocrx_word' id='word_1_165' title='bbox 390 1859 548 1892; x_wconf 90' lang='lat' dir='ltr'>Ordinum</span> <span class='ocrx_word' id='word_1_166' title='bbox 582 1868 649 1890; x_wconf 91' lang='lat' dir='ltr'>non</span> <span class='ocrx_word' id='word_1_167' title='bbox 686 1857 841 1899; x_wconf 73' lang='lat' dir='ltr'>distingui</span> <span class='ocrx_word' id='word_1_168' title='bbox 868 1865 1072 1900; x_wconf 76' lang='lat' dir='ltr'>agnoscant;</span> <span class='ocrx_word' id='word_1_169' title='bbox 1099 1869 1135 1891; x_wconf 83' lang='lat' dir='ltr'>ac</span> 
     </span>
     <span class='ocr_line' id='line_1_34' title="bbox 390 1911 1132 1956; baseline 0 -12"><span class='ocrx_word' id='word_1_170' title='bbox 390 1911 529 1956; x_wconf 87' lang='lat' dir='ltr'>proinde</span> <span class='ocrx_word' id='word_1_171' title='bbox 555 1911 702 1943; x_wconf 86' lang='lat' dir='ltr'>habitum</span> <span class='ocrx_word' id='word_1_172' title='bbox 729 1912 922 1952; x_wconf 72' lang='lat' dir='ltr'>regularem,</span> <span class='ocrx_word' id='word_1_173' title='bbox 949 1911 1003 1954; x_wconf 86' lang='lat' dir='ltr'>qui</span> <span class='ocrx_word' id='word_1_174' title='bbox 1030 1911 1061 1944; x_wconf 93' lang='lat' dir='ltr'>in</span> <span class='ocrx_word' id='word_1_175' title='bbox 1090 1913 1132 1944; x_wconf 87' lang='lat' dir='ltr'>li-</span> 
     </span>
     <span class='ocr_line' id='line_1_35' title="bbox 390 1964 1136 2007; baseline -0.001 -9"><span class='ocrx_word' id='word_1_176' title='bbox 390 1966 477 1998; x_wconf 85' lang='lat' dir='ltr'>mine</span> <span class='ocrx_word' id='word_1_177' title='bbox 504 1964 704 1997; x_wconf 69' lang='lat' dir='ltr'>fundationis</span> <span class='ocrx_word' id='word_1_178' title='bbox 730 1964 806 1997; x_wconf 86' lang='lat' dir='ltr'>dicti</span> <span class='ocrx_word' id='word_1_179' title='bbox 831 1964 961 1997; x_wconf 87' lang='lat' dir='ltr'>Ordinis</span> <span class='ocrx_word' id='word_1_180' title='bbox 979 1965 1136 2007; x_wconf 87' lang='lat' dir='ltr'>praeseri-</span> 
     </span>
     <span class='ocr_line' id='line_1_36' title="bbox 391 2017 1135 2062; baseline 0 -12"><span class='ocrx_word' id='word_1_181' title='bbox 391 2024 465 2062; x_wconf 86' lang='lat' dir='ltr'>ptus</span> <span class='ocrx_word' id='word_1_182' title='bbox 491 2018 560 2057; x_wconf 85' lang='lat' dir='ltr'>suit,</span> <span class='ocrx_word' id='word_1_183' title='bbox 585 2028 799 2057; x_wconf 77' lang='lat' dir='ltr'>reassumere,</span> <span class='ocrx_word' id='word_1_184' title='bbox 823 2028 928 2060; x_wconf 88' lang='lat' dir='ltr'>eoque</span> <span class='ocrx_word' id='word_1_185' title='bbox 944 2017 1135 2051; x_wconf 87' lang='lat' dir='ltr'>infuturum</span> 
     </span>
     <span class='ocr_line' id='line_1_37' title="bbox 390 2070 1134 2112; baseline 0 -8"><span class='ocrx_word' id='word_1_186' title='bbox 390 2072 448 2112; x_wconf 87' lang='lat' dir='ltr'>uti,</span> <span class='ocrx_word' id='word_1_187' title='bbox 474 2082 605 2104; x_wconf 82' lang='lat' dir='ltr'>necnon</span> <span class='ocrx_word' id='word_1_188' title='bbox 638 2071 743 2104; x_wconf 81' lang='lat' dir='ltr'>officia</span> <span class='ocrx_word' id='word_1_189' title='bbox 768 2070 959 2104; x_wconf 83' lang='lat' dir='ltr'>Sanctorum</span> <span class='ocrx_word' id='word_1_190' title='bbox 988 2072 1134 2104; x_wconf 87' lang='lat' dir='ltr'>eiusdem</span> 
     </span>
     <span class='ocr_line' id='line_1_38' title="bbox 392 2124 1136 2167; baseline 0 -9"><span class='ocrx_word' id='word_1_191' title='bbox 392 2125 520 2159; x_wconf 90' lang='lat' dir='ltr'>Ordinis</span> <span class='ocrx_word' id='word_1_192' title='bbox 548 2124 686 2157; x_wconf 80' lang='lat' dir='ltr'>recitare</span> <span class='ocrx_word' id='word_1_193' title='bbox 713 2135 809 2167; x_wconf 89' lang='lat' dir='ltr'>posse</span> <span class='ocrx_word' id='word_1_194' title='bbox 846 2124 1023 2167; x_wconf 90' lang='lat' dir='ltr'>plurimum</span> <span class='ocrx_word' id='word_1_195' title='bbox 1051 2125 1136 2158; x_wconf 87' lang='lat' dir='ltr'>desi-</span> 
     </span>
     <span class='ocr_line' id='line_1_39' title="bbox 392 2177 1136 2222; baseline -0.003 -10"><span class='ocrx_word' id='word_1_196' title='bbox 392 2177 540 2212; x_wconf 75' lang='lat' dir='ltr'>derent¹2</span> <span class='ocrx_word' id='word_1_197' title='bbox 558 2178 652 2211; x_wconf 85' lang='lat' dir='ltr'>nobis</span> <span class='ocrx_word' id='word_1_198' title='bbox 677 2184 852 2221; x_wconf 87' lang='lat' dir='ltr'>propterea</span> <span class='ocrx_word' id='word_1_199' title='bbox 874 2178 1042 2211; x_wconf 82' lang='lat' dir='ltr'>humiliter</span> <span class='ocrx_word' id='word_1_200' title='bbox 1060 2189 1136 2222; x_wconf 87' lang='lat' dir='ltr'>sup-</span> 
     </span>
     <span class='ocr_line' id='line_1_40' title="bbox 390 2231 1135 2277; baseline -0.001 -12"><span class='ocrx_word' id='word_1_201' title='bbox 390 2232 504 2277; x_wconf 87' lang='lat' dir='ltr'>plicari</span> <span class='ocrx_word' id='word_1_202' title='bbox 542 2232 693 2264; x_wconf 88' lang='lat' dir='ltr'>fecerunt</span> <span class='ocrx_word' id='word_1_203' title='bbox 723 2237 758 2264; x_wconf 92' lang='lat' dir='ltr'>ut</span> <span class='ocrx_word' id='word_1_204' title='bbox 790 2231 849 2264; x_wconf 91' lang='lat' dir='ltr'>sibi</span> <span class='ocrx_word' id='word_1_205' title='bbox 881 2231 913 2263; x_wconf 91' lang='lat' dir='ltr'>in</span> <span class='ocrx_word' id='word_1_206' title='bbox 947 2232 1135 2275; x_wconf 79' lang='lat' dir='ltr'>praemissis</span> 
     </span>
     <span class='ocr_line' id='line_1_41' title="bbox 393 2285 1137 2329; baseline -0.001 -10"><span class='ocrx_word' id='word_1_207' title='bbox 393 2292 577 2329; x_wconf 84' lang='lat' dir='ltr'>opportune</span> <span class='ocrx_word' id='word_1_208' title='bbox 611 2285 785 2328; x_wconf 86' lang='lat' dir='ltr'>providere</span> <span class='ocrx_word' id='word_1_209' title='bbox 812 2291 843 2318; x_wconf 91' lang='lat' dir='ltr'>et</span> <span class='ocrx_word' id='word_1_210' title='bbox 866 2291 900 2317; x_wconf 90' lang='lat' dir='ltr'>ut</span> <span class='ocrx_word' id='word_1_211' title='bbox 923 2285 1006 2318; x_wconf 87' lang='lat' dir='ltr'>infra</span> <span class='ocrx_word' id='word_1_212' title='bbox 1029 2286 1137 2318; x_wconf 89' lang='lat' dir='ltr'>indul-</span> 
     </span>
     <span class='ocr_line' id='line_1_42' title="bbox 393 2338 1136 2382; baseline 0 -10"><span class='ocrx_word' id='word_1_213' title='bbox 393 2349 469 2382; x_wconf 85' lang='lat' dir='ltr'>gere</span> <span class='ocrx_word' id='word_1_214' title='bbox 507 2339 546 2372; x_wconf 90' lang='lat' dir='ltr'>de</span> <span class='ocrx_word' id='word_1_215' title='bbox 579 2338 780 2381; x_wconf 78' lang='lat' dir='ltr'>benignitate</span> <span class='ocrx_word' id='word_1_216' title='bbox 818 2339 998 2382; x_wconf 76' lang='lat' dir='ltr'>apostolica</span> <span class='ocrx_word' id='word_1_217' title='bbox 1024 2339 1136 2382; x_wconf 83' lang='lat' dir='ltr'>digna-</span> 
     </span>
     <span class='ocr_line' id='line_1_43' title="bbox 391 2402 515 2425; baseline -0.008 0"><span class='ocrx_word' id='word_1_218' title='bbox 391 2402 515 2425; x_wconf 82' lang='lat' dir='ltr'>remur.</span> 
     </span>
    </p>

    <p class='ocr_par' dir='ltr' id='par_1_4' title="bbox 391 2444 1137 2650">
     <span class='ocr_line' id='line_1_44' title="bbox 436 2444 1137 2490; baseline 0.001 -12"><span class='ocrx_word' id='word_1_219' title='bbox 436 2446 451 2489; x_wconf 67' lang='grc' dir='ltr'><strong>ἓ</strong></span> <span class='ocrx_word' id='word_1_220' title='bbox 472 2445 502 2478; x_wconf 77' lang='lat'>⁶2.</span> <span class='ocrx_word' id='word_1_221' title='bbox 522 2444 585 2477; x_wconf 82' lang='lat' dir='ltr'>Nos</span> <span class='ocrx_word' id='word_1_222' title='bbox 613 2444 719 2487; x_wconf 77' lang='lat' dir='ltr'>igitur,</span> <span class='ocrx_word' id='word_1_223' title='bbox 734 2444 822 2488; x_wconf 88' lang='lat' dir='ltr'>ipsos</span> <span class='ocrx_word' id='word_1_224' title='bbox 850 2451 1047 2488; x_wconf 74' lang='lat' dir='ltr'>exponentes</span> <span class='ocrx_word' id='word_1_225' title='bbox 1065 2457 1137 2490; x_wconf 89' lang='lat' dir='ltr'>spe-</span> 
     </span>
     <span class='ocr_line' id='line_1_45' title="bbox 392 2498 1136 2542; baseline 0 -10"><span class='ocrx_word' id='word_1_226' title='bbox 392 2499 530 2533; x_wconf 80' lang='lat' dir='ltr'>cialibus</span> <span class='ocrx_word' id='word_1_227' title='bbox 548 2498 710 2531; x_wconf 82' lang='lat' dir='ltr'>favoribus</span> <span class='ocrx_word' id='word_1_228' title='bbox 729 2504 758 2530; x_wconf 89' lang='lat' dir='ltr'>et</span> <span class='ocrx_word' id='word_1_229' title='bbox 780 2498 890 2540; x_wconf 77' lang='lat' dir='ltr'>gratiis</span> <span class='ocrx_word' id='word_1_230' title='bbox 913 2499 1063 2542; x_wconf 77' lang='lat' dir='ltr'>prosequi</span> <span class='ocrx_word' id='word_1_231' title='bbox 1082 2510 1136 2532; x_wconf 90' lang='lat' dir='ltr'>vo-</span> 
     </span>
     <span class='ocr_line' id='line_1_46' title="bbox 391 2552 1137 2594; baseline 0 -8"><span class='ocrx_word' id='word_1_232' title='bbox 391 2554 507 2592; x_wconf 76' lang='lat' dir='ltr'>lenteS,</span> <span class='ocrx_word' id='word_1_233' title='bbox 535 2557 566 2585; x_wconf 92' lang='lat' dir='ltr'>et</span> <span class='ocrx_word' id='word_1_234' title='bbox 591 2562 702 2584; x_wconf 88' lang='lat' dir='ltr'>eorum</span> <span class='ocrx_word' id='word_1_235' title='bbox 728 2552 909 2594; x_wconf 84' lang='lat' dir='ltr'>singulares</span> <span class='ocrx_word' id='word_1_236' title='bbox 938 2562 1093 2594; x_wconf 77' lang='lat' dir='ltr'>personas</span> <span class='ocrx_word' id='word_1_237' title='bbox 1119 2564 1137 2586; x_wconf 85' lang='lat' dir='ltr'>a</span> 
     </span>
     <span class='ocr_line' id='line_1_47' title="bbox 393 2605 1137 2650; baseline 0.003 -12"><span class='ocrx_word' id='word_1_238' title='bbox 393 2606 561 2650; x_wconf 73' lang='lat' dir='ltr'>quibusvis</span> <span class='ocrx_word' id='word_1_239' title='bbox 577 2605 932 2645; x_wconf 76' lang='lat' dir='ltr'>excommunicationis,</span> <span class='ocrx_word' id='word_1_240' title='bbox 950 2607 1137 2649; x_wconf 83' lang='lat' dir='ltr'>suspensio-</span> 
     </span>
    </p>

    <p class='ocr_par' dir='ltr' id='par_1_5' title="bbox 427 2667 1012 2703">
     <span class='ocr_line' id='line_1_48' title="bbox 427 2667 1012 2703; baseline -0.003 -6"><span class='ocrx_word' id='word_1_241' title='bbox 427 2669 441 2697; x_wconf 79' lang='lat'><strong>1</strong></span> <span class='ocrx_word' id='word_1_242' title='bbox 460 2667 530 2696; x_wconf 83' lang='lat' dir='ltr'>Edit.</span> <span class='ocrx_word' id='word_1_243' title='bbox 548 2667 627 2696; x_wconf 59' lang='lat' dir='ltr'>atain.</span> <span class='ocrx_word' id='word_1_244' title='bbox 646 2668 710 2703; x_wconf 81' lang='lat' dir='ltr'>legit</span> <span class='ocrx_word' id='word_1_245' title='bbox 726 2668 892 2696; x_wconf 77' lang='lat' dir='ltr'>desiderant</span> <span class='ocrx_word' id='word_1_246' title='bbox 908 2669 947 2703; x_wconf 83' lang='lat' dir='ltr'>(a.</span> <span class='ocrx_word' id='word_1_247' title='bbox 963 2669 1012 2703; x_wconf 62' lang='lat' dir='ltr'>r).</span> 
     </span>
    </p>
   </div>
   <div class='ocr_carea' id='block_1_4' title="bbox 964 259 1324 284">
    <p class='ocr_par' dir='ltr' id='par_1_6' title="bbox 964 259 1324 284">
     <span class='ocr_line' id='line_1_49' title="bbox 964 259 1324 284; baseline 0.003 -1"><span class='ocrx_word' id='word_1_248' title='bbox 964 259 1097 283; x_wconf 70' lang='lat' dir='ltr'>BULLARl</span> <span class='ocrx_word' id='word_1_249' title='bbox 1104 259 1144 283; x_wconf 73' lang='grc' dir='ltr'>ΗΜ</span> <span class='ocrx_word' id='word_1_250' title='bbox 1170 259 1324 284; x_wconf 67' lang='lat' dir='ltr'>nOMANUM</span> 
     </span>
    </p>
   </div>
   <div class='ocr_carea' id='block_1_5' title="bbox 1165 308 1924 2704">
    <p class='ocr_par' dir='ltr' id='par_1_7' title="bbox 1165 308 1918 1305">
     <span class='ocr_line' id='line_1_50' title="bbox 1166 308 1910 354; baseline 0.004 -13"><span class='ocrx_word' id='word_1_251' title='bbox 1166 308 1215 341; x_wconf 89' lang='lat' dir='ltr'>nis</span> <span class='ocrx_word' id='word_1_252' title='bbox 1241 314 1273 342; x_wconf 89' lang='lat' dir='ltr'>et</span> <span class='ocrx_word' id='word_1_253' title='bbox 1298 308 1480 350; x_wconf 86' lang='lat' dir='ltr'>interdicti,</span> <span class='ocrx_word' id='word_1_254' title='bbox 1515 310 1652 354; x_wconf 84' lang='lat' dir='ltr'>aliisque</span> <span class='ocrx_word' id='word_1_255' title='bbox 1684 311 1910 345; x_wconf 83' lang='lat' dir='ltr'>ecclesiasticis</span> 
     </span>
     <span class='ocr_line' id='line_1_51' title="bbox 1165 362 1910 408; baseline 0.005 -13"><span class='ocrx_word' id='word_1_256' title='bbox 1165 362 1347 402; x_wconf 81' lang='lat' dir='ltr'>sententiis,</span> <span class='ocrx_word' id='word_1_257' title='bbox 1365 364 1511 396; x_wconf 82' lang='lat' dir='ltr'>censuris</span> <span class='ocrx_word' id='word_1_258' title='bbox 1530 369 1562 397; x_wconf 88' lang='lat' dir='ltr'>et</span> <span class='ocrx_word' id='word_1_259' title='bbox 1582 364 1709 408; x_wconf 87' lang='lat' dir='ltr'>poenis,</span> <span class='ocrx_word' id='word_1_260' title='bbox 1731 376 1748 397; x_wconf 86' lang='lat' dir='ltr'>a</span> <span class='ocrx_word' id='word_1_261' title='bbox 1768 364 1840 398; x_wconf 88' lang='lat' dir='ltr'>iure</span> <span class='ocrx_word' id='word_1_262' title='bbox 1860 366 1910 399; x_wconf 90' lang='lat' dir='ltr'>vel</span> 
     </span>
     <span class='ocr_line' id='line_1_52' title="bbox 1166 417 1910 461; baseline 0.003 -12"><span class='ocrx_word' id='word_1_263' title='bbox 1166 417 1204 449; x_wconf 87' lang='lat' dir='ltr'>ab</span> <span class='ocrx_word' id='word_1_264' title='bbox 1225 417 1368 456; x_wconf 89' lang='lat' dir='ltr'>bomine,</span> <span class='ocrx_word' id='word_1_265' title='bbox 1395 418 1504 461; x_wconf 80' lang='lat' dir='ltr'>quavis</span> <span class='ocrx_word' id='word_1_266' title='bbox 1529 418 1700 451; x_wconf 84' lang='lat' dir='ltr'>occasione</span> <span class='ocrx_word' id='word_1_267' title='bbox 1733 420 1782 452; x_wconf 83' lang='lat' dir='ltr'>vel</span> <span class='ocrx_word' id='word_1_268' title='bbox 1815 421 1910 451; x_wconf 83' lang='lat' dir='ltr'>causa</span> 
     </span>
     <span class='ocr_line' id='line_1_53' title="bbox 1166 470 1910 514; baseline 0.003 -11"><span class='ocrx_word' id='word_1_269' title='bbox 1166 470 1251 510; x_wconf 81' lang='lat' dir='ltr'>latis,</span> <span class='ocrx_word' id='word_1_270' title='bbox 1279 470 1303 502; x_wconf 90' lang='lat' dir='ltr'>si</span> <span class='ocrx_word' id='word_1_271' title='bbox 1330 471 1447 514; x_wconf 83' lang='lat' dir='ltr'>quibus</span> <span class='ocrx_word' id='word_1_272' title='bbox 1467 472 1716 514; x_wconf 77' lang='lat' dir='ltr'>quomodolibet</span> <span class='ocrx_word' id='word_1_273' title='bbox 1734 472 1910 505; x_wconf 81' lang='lat' dir='ltr'>innodatae</span> 
     </span>
     <span class='ocr_line' id='line_1_54' title="bbox 1168 521 1912 566; baseline 0.007 -13"><span class='ocrx_word' id='word_1_274' title='bbox 1168 522 1319 563; x_wconf 86' lang='lat' dir='ltr'>existunt,</span> <span class='ocrx_word' id='word_1_275' title='bbox 1334 523 1374 554; x_wconf 83' lang='lat' dir='ltr'>ad</span> <span class='ocrx_word' id='word_1_276' title='bbox 1391 521 1537 555; x_wconf 80' lang='lat' dir='ltr'>ell&#39;ectum</span> <span class='ocrx_word' id='word_1_277' title='bbox 1552 524 1772 566; x_wconf 85' lang='lat' dir='ltr'>praesentium</span> <span class='ocrx_word' id='word_1_278' title='bbox 1790 526 1912 558; x_wconf 87' lang='lat' dir='ltr'>dumta-</span> 
     </span>
     <span class='ocr_line' id='line_1_55' title="bbox 1169 576 1912 618; baseline 0.007 -13"><span class='ocrx_word' id='word_1_279' title='bbox 1169 576 1510 618; x_wconf 73' lang='lat' dir='ltr'>xatconsequendum,</span> <span class='ocrx_word' id='word_1_280' title='bbox 1523 576 1638 608; x_wconf 85' lang='lat' dir='ltr'>harum</span> <span class='ocrx_word' id='word_1_281' title='bbox 1653 576 1735 609; x_wconf 86' lang='lat' dir='ltr'>serie</span> <span class='ocrx_word' id='word_1_282' title='bbox 1745 577 1912 610; x_wconf 87' lang='lat' dir='ltr'>absolven-</span> 
     </span>
     <span class='ocr_line' id='line_1_56' title="bbox 1170 628 1911 669; baseline 0.005 -10"><span class='ocrx_word' id='word_1_283' title='bbox 1170 633 1216 660; x_wconf 86' lang='lat' dir='ltr'>tes</span> <span class='ocrx_word' id='word_1_284' title='bbox 1227 634 1258 661; x_wconf 91' lang='lat' dir='ltr'>et</span> <span class='ocrx_word' id='word_1_285' title='bbox 1274 628 1441 661; x_wconf 83' lang='lat' dir='ltr'>absolutas</span> <span class='ocrx_word' id='word_1_286' title='bbox 1451 629 1520 661; x_wconf 87' lang='lat' dir='ltr'>fore</span> <span class='ocrx_word' id='word_1_287' title='bbox 1531 634 1712 669; x_wconf 87' lang='lat' dir='ltr'>censentes,</span> <span class='ocrx_word' id='word_1_288' title='bbox 1726 630 1911 663; x_wconf 84' lang='lat' dir='ltr'>huiusmodi</span> 
     </span>
     <span class='ocr_line' id='line_1_57' title="bbox 1169 681 1913 725; baseline 0.001 -11"><span class='ocrx_word' id='word_1_289' title='bbox 1169 681 1465 725; x_wconf 77' lang='lat' dir='ltr'>supplicationibus</span> <span class='ocrx_word' id='word_1_290' title='bbox 1491 682 1650 722; x_wconf 91' lang='lat' dir='ltr'>inclinati,</span> <span class='ocrx_word' id='word_1_291' title='bbox 1676 683 1715 715; x_wconf 88' lang='lat' dir='ltr'>de</span> <span class='ocrx_word' id='word_1_292' title='bbox 1741 684 1913 716; x_wconf 82' lang='lat' dir='ltr'>venerabi-</span> 
     </span>
     <span class='ocr_line' id='line_1_58' title="bbox 1170 735 1914 769; baseline 0 -1"><span class='ocrx_word' id='word_1_293' title='bbox 1170 735 1248 768; x_wconf 81' lang='lat' dir='ltr'>liuin</span> <span class='ocrx_word' id='word_1_294' title='bbox 1276 735 1411 768; x_wconf 80' lang='lat' dir='ltr'>fratrum</span> <span class='ocrx_word' id='word_1_295' title='bbox 1436 740 1622 768; x_wconf 89' lang='lat' dir='ltr'>nostrorum</span> <span class='ocrx_word' id='word_1_296' title='bbox 1645 735 1676 769; x_wconf 91' lang='lat' dir='ltr'>S.</span> <span class='ocrx_word' id='word_1_297' title='bbox 1696 735 1733 768; x_wconf 83' lang='lat' dir='ltr'>R.</span> <span class='ocrx_word' id='word_1_298' title='bbox 1756 736 1791 769; x_wconf 90' lang='lat' dir='ltr'>E.</span> <span class='ocrx_word' id='word_1_299' title='bbox 1812 736 1914 769; x_wconf 83' lang='lat' dir='ltr'>cardi-</span> 
     </span>
     <span class='ocr_line' id='line_1_59' title="bbox 1171 789 1915 832; baseline 0.004 -12"><span class='ocrx_word' id='word_1_300' title='bbox 1171 789 1294 821; x_wconf 87' lang='lat' dir='ltr'>nalium</span> <span class='ocrx_word' id='word_1_301' title='bbox 1319 789 1458 832; x_wconf 84' lang='lat' dir='ltr'>negotiis</span> <span class='ocrx_word' id='word_1_302' title='bbox 1491 795 1522 821; x_wconf 89' lang='lat' dir='ltr'>et</span> <span class='ocrx_word' id='word_1_303' title='bbox 1555 789 1853 822; x_wconf 76' lang='lat' dir='ltr'>consultationibus</span> <span class='ocrx_word' id='word_1_304' title='bbox 1884 801 1915 823; x_wconf 86' lang='lat' dir='ltr'>e-</span> 
     </span>
     <span class='ocr_line' id='line_1_60' title="bbox 1171 842 1915 887; baseline 0.003 -13"><span class='ocrx_word' id='word_1_305' title='bbox 1171 842 1380 885; x_wconf 84' lang='lat' dir='ltr'>piscoporum</span> <span class='ocrx_word' id='word_1_306' title='bbox 1394 849 1426 875; x_wconf 91' lang='lat' dir='ltr'>et</span> <span class='ocrx_word' id='word_1_307' title='bbox 1437 843 1635 885; x_wconf 76' lang='lat' dir='ltr'>regularium</span> <span class='ocrx_word' id='word_1_308' title='bbox 1652 843 1915 887; x_wconf 87' lang='lat' dir='ltr'>praepositorum</span> 
     </span>
     <span class='ocr_line' id='line_1_61' title="bbox 1172 896 1916 941; baseline 0.003 -13"><span class='ocrx_word' id='word_1_309' title='bbox 1172 896 1330 936; x_wconf 87' lang='lat' dir='ltr'>consilio,</span> <span class='ocrx_word' id='word_1_310' title='bbox 1357 902 1391 928; x_wconf 93' lang='lat' dir='ltr'>ut</span> <span class='ocrx_word' id='word_1_311' title='bbox 1423 896 1461 929; x_wconf 86' lang='lat' dir='ltr'>de</span> <span class='ocrx_word' id='word_1_312' title='bbox 1488 901 1599 929; x_wconf 88' lang='lat' dir='ltr'>cetero</span> <span class='ocrx_word' id='word_1_313' title='bbox 1626 897 1724 929; x_wconf 88' lang='lat' dir='ltr'>iidem</span> <span class='ocrx_word' id='word_1_314' title='bbox 1750 908 1916 941; x_wconf 89' lang='lat' dir='ltr'>exponen-</span> 
     </span>
     <span class='ocr_line' id='line_1_62' title="bbox 1175 949 1917 984; baseline 0.001 -2"><span class='ocrx_word' id='word_1_315' title='bbox 1175 955 1220 982; x_wconf 88' lang='lat' dir='ltr'>tes</span> <span class='ocrx_word' id='word_1_316' title='bbox 1247 961 1319 982; x_wconf 87' lang='lat' dir='ltr'>cum</span> <span class='ocrx_word' id='word_1_317' title='bbox 1346 949 1498 983; x_wconf 88' lang='lat' dir='ltr'>universo</span> <span class='ocrx_word' id='word_1_318' title='bbox 1524 949 1644 983; x_wconf 86' lang='lat' dir='ltr'>Ordine</span> <span class='ocrx_word' id='word_1_319' title='bbox 1669 951 1917 984; x_wconf 86' lang='lat' dir='ltr'>Praemonstra-</span> 
     </span>
     <span class='ocr_line' id='line_1_63' title="bbox 1174 1003 1916 1047; baseline 0.003 -12"><span class='ocrx_word' id='word_1_320' title='bbox 1174 1004 1256 1036; x_wconf 84' lang='lat' dir='ltr'>tensi</span> <span class='ocrx_word' id='word_1_321' title='bbox 1289 1009 1352 1036; x_wconf 89' lang='lat' dir='ltr'>tam</span> <span class='ocrx_word' id='word_1_322' title='bbox 1385 1004 1418 1036; x_wconf 93' lang='lat' dir='ltr'>in</span> <span class='ocrx_word' id='word_1_323' title='bbox 1450 1003 1561 1037; x_wconf 85' lang='lat' dir='ltr'>habitu</span> <span class='ocrx_word' id='word_1_324' title='bbox 1599 1015 1695 1047; x_wconf 87' lang='lat' dir='ltr'>quam</span> <span class='ocrx_word' id='word_1_325' title='bbox 1732 1004 1764 1036; x_wconf 92' lang='lat' dir='ltr'>in</span> <span class='ocrx_word' id='word_1_326' title='bbox 1798 1004 1916 1037; x_wconf 88' lang='lat' dir='ltr'>ceteris</span> 
     </span>
     <span class='ocr_line' id='line_1_64' title="bbox 1174 1057 1918 1097; baseline 0.001 -8"><span class='ocrx_word' id='word_1_327' title='bbox 1174 1057 1353 1090; x_wconf 80' lang='lat' dir='ltr'>uniformes</span> <span class='ocrx_word' id='word_1_328' title='bbox 1378 1058 1443 1090; x_wconf 87' lang='lat' dir='ltr'>sint</span> <span class='ocrx_word' id='word_1_329' title='bbox 1461 1064 1492 1090; x_wconf 92' lang='lat' dir='ltr'>et</span> <span class='ocrx_word' id='word_1_330' title='bbox 1517 1068 1586 1090; x_wconf 87' lang='lat' dir='ltr'>esse</span> <span class='ocrx_word' id='word_1_331' title='bbox 1606 1058 1754 1097; x_wconf 87' lang='lat' dir='ltr'>debeant,</span> <span class='ocrx_word' id='word_1_332' title='bbox 1777 1057 1918 1091; x_wconf 83' lang='lat' dir='ltr'>auctori-</span> 
     </span>
     <span class='ocr_line' id='line_1_65' title="bbox 1175 1111 1918 1154; baseline 0.001 -11"><span class='ocrx_word' id='word_1_333' title='bbox 1175 1116 1237 1143; x_wconf 86' lang='lat' dir='ltr'>tate</span> <span class='ocrx_word' id='word_1_334' title='bbox 1260 1111 1451 1154; x_wconf 73' lang='lat' dir='ltr'>apostolica,</span> <span class='ocrx_word' id='word_1_335' title='bbox 1475 1117 1589 1143; x_wconf 88' lang='lat' dir='ltr'>tenore</span> <span class='ocrx_word' id='word_1_336' title='bbox 1603 1111 1834 1154; x_wconf 82' lang='lat' dir='ltr'>praesentium,</span> <span class='ocrx_word' id='word_1_337' title='bbox 1854 1116 1918 1144; x_wconf 81' lang='lat' dir='ltr'>sta-</span> 
     </span>
     <span class='ocr_line' id='line_1_66' title="bbox 1175 1164 1917 1204; baseline 0.001 -8"><span class='ocrx_word' id='word_1_338' title='bbox 1175 1164 1293 1197; x_wconf 87' lang='lat' dir='ltr'>tuimus</span> <span class='ocrx_word' id='word_1_339' title='bbox 1313 1170 1344 1198; x_wconf 85' lang='lat' dir='ltr'>et</span> <span class='ocrx_word' id='word_1_340' title='bbox 1365 1164 1570 1204; x_wconf 79' lang='lat' dir='ltr'>ordinamus3</span> <span class='ocrx_word' id='word_1_341' title='bbox 1599 1165 1687 1197; x_wconf 73' lang='lat' dir='ltr'>salva</span> <span class='ocrx_word' id='word_1_342' title='bbox 1707 1169 1813 1197; x_wconf 84' lang='lat' dir='ltr'>tamen</span> <span class='ocrx_word' id='word_1_343' title='bbox 1834 1175 1917 1197; x_wconf 89' lang='lat' dir='ltr'>sem-</span> 
     </span>
     <span class='ocr_line' id='line_1_67' title="bbox 1173 1218 1918 1262; baseline 0.001 -12"><span class='ocrx_word' id='word_1_344' title='bbox 1173 1229 1234 1261; x_wconf 88' lang='lat' dir='ltr'>per</span> <span class='ocrx_word' id='word_1_345' title='bbox 1259 1219 1291 1251; x_wconf 88' lang='lat' dir='ltr'>in</span> <span class='ocrx_word' id='word_1_346' title='bbox 1310 1219 1498 1261; x_wconf 82' lang='lat' dir='ltr'>praemissis</span> <span class='ocrx_word' id='word_1_347' title='bbox 1521 1219 1711 1251; x_wconf 87' lang='lat' dir='ltr'>auctoritate</span> <span class='ocrx_word' id='word_1_348' title='bbox 1737 1218 1918 1262; x_wconf 71' lang='lat' dir='ltr'>Congrega-</span> 
     </span>
     <span class='ocr_line' id='line_1_68' title="bbox 1176 1271 1746 1305; baseline 0.002 -2"><span class='ocrx_word' id='word_1_349' title='bbox 1176 1271 1271 1304; x_wconf 88' lang='lat' dir='ltr'>tionis</span> <span class='ocrx_word' id='word_1_350' title='bbox 1304 1273 1493 1305; x_wconf 87' lang='lat' dir='ltr'>eorumdem</span> <span class='ocrx_word' id='word_1_351' title='bbox 1519 1272 1746 1305; x_wconf 85' lang='lat' dir='ltr'>cardinalium.</span> 
     </span>
    </p>

    <p class='ocr_par' dir='ltr' id='par_1_8' title="bbox 1175 1324 1924 2223">
     <span class='ocr_line' id='line_1_69' title="bbox 1218 1324 1918 1369; baseline 0.001 -11"><span class='ocrx_word' id='word_1_352' title='bbox 1218 1326 1232 1368; x_wconf 64' lang='grc' dir='ltr'><strong>ξ</strong></span> <span class='ocrx_word' id='word_1_353' title='bbox 1253 1324 1285 1358; x_wconf 81' lang='lat'>3.</span> <span class='ocrx_word' id='word_1_354' title='bbox 1313 1325 1543 1365; x_wconf 76' lang='lat' dir='ltr'>Decernenies,</span> <span class='ocrx_word' id='word_1_355' title='bbox 1570 1327 1701 1358; x_wconf 84' lang='lat' dir='ltr'>easdem</span> <span class='ocrx_word' id='word_1_356' title='bbox 1726 1331 1918 1369; x_wconf 83' lang='lat' dir='ltr'>praesentes</span> 
     </span>
     <span class='ocr_line' id='line_1_70' title="bbox 1175 1378 1920 1421; baseline 0 -10"><span class='ocrx_word' id='word_1_357' title='bbox 1175 1378 1298 1411; x_wconf 80' lang='lat' dir='ltr'>litteras</span> <span class='ocrx_word' id='word_1_358' title='bbox 1323 1389 1455 1421; x_wconf 86' lang='lat' dir='ltr'>semper</span> <span class='ocrx_word' id='word_1_359' title='bbox 1479 1379 1600 1418; x_wconf 81' lang='lat' dir='ltr'>firmas,</span> <span class='ocrx_word' id='word_1_360' title='bbox 1618 1379 1741 1412; x_wconf 82' lang='lat' dir='ltr'>validas</span> <span class='ocrx_word' id='word_1_361' title='bbox 1763 1385 1795 1412; x_wconf 93' lang='lat' dir='ltr'>et</span> <span class='ocrx_word' id='word_1_362' title='bbox 1813 1379 1920 1412; x_wconf 82' lang='lat' dir='ltr'>effica-</span> 
     </span>
     <span class='ocr_line' id='line_1_71' title="bbox 1175 1432 1922 1476; baseline 0.001 -12"><span class='ocrx_word' id='word_1_363' title='bbox 1175 1443 1227 1464; x_wconf 89' lang='lat' dir='ltr'>ces</span> <span class='ocrx_word' id='word_1_364' title='bbox 1246 1432 1385 1465; x_wconf 79' lang='lat' dir='ltr'>existere</span> <span class='ocrx_word' id='word_1_365' title='bbox 1401 1439 1432 1464; x_wconf 88' lang='lat' dir='ltr'>et</span> <span class='ocrx_word' id='word_1_366' title='bbox 1446 1433 1527 1473; x_wconf 84' lang='lat' dir='ltr'>fore,</span> <span class='ocrx_word' id='word_1_367' title='bbox 1548 1443 1689 1476; x_wconf 81' lang='lat' dir='ltr'>suosque</span> <span class='ocrx_word' id='word_1_368' title='bbox 1707 1433 1871 1476; x_wconf 85' lang='lat' dir='ltr'>plenarios</span> <span class='ocrx_word' id='word_1_369' title='bbox 1889 1438 1922 1466; x_wconf 89' lang='lat' dir='ltr'>et</span> 
     </span>
     <span class='ocr_line' id='line_1_72' title="bbox 1176 1485 1920 1527; baseline 0.003 -10"><span class='ocrx_word' id='word_1_370' title='bbox 1176 1486 1320 1527; x_wconf 72' lang='lat' dir='ltr'>integros</span> <span class='ocrx_word' id='word_1_371' title='bbox 1342 1485 1473 1518; x_wconf 72' lang='lat' dir='ltr'>ell&#39;ectus</span> <span class='ocrx_word' id='word_1_372' title='bbox 1503 1486 1613 1518; x_wconf 86' lang='lat' dir='ltr'>sortiri</span> <span class='ocrx_word' id='word_1_373' title='bbox 1642 1492 1674 1518; x_wconf 86' lang='lat' dir='ltr'>et</span> <span class='ocrx_word' id='word_1_374' title='bbox 1697 1486 1857 1525; x_wconf 88' lang='lat' dir='ltr'>obtinere,</span> <span class='ocrx_word' id='word_1_375' title='bbox 1883 1497 1920 1519; x_wconf 90' lang='lat' dir='ltr'>ac</span> 
     </span>
     <span class='ocr_line' id='line_1_73' title="bbox 1176 1540 1919 1584; baseline 0.004 -13"><span class='ocrx_word' id='word_1_376' title='bbox 1176 1540 1215 1571; x_wconf 83' lang='lat' dir='ltr'>ab</span> <span class='ocrx_word' id='word_1_377' title='bbox 1241 1540 1317 1580; x_wconf 82' lang='lat' dir='ltr'>illis,</span> <span class='ocrx_word' id='word_1_378' title='bbox 1337 1541 1375 1572; x_wconf 88' lang='lat' dir='ltr'>ad</span> <span class='ocrx_word' id='word_1_379' title='bbox 1396 1551 1477 1583; x_wconf 84' lang='lat' dir='ltr'>quos</span> <span class='ocrx_word' id='word_1_380' title='bbox 1496 1545 1621 1583; x_wconf 87' lang='lat' dir='ltr'>spectat</span> <span class='ocrx_word' id='word_1_381' title='bbox 1644 1545 1676 1573; x_wconf 91' lang='lat' dir='ltr'>et</span> <span class='ocrx_word' id='word_1_382' title='bbox 1694 1551 1752 1583; x_wconf 92' lang='lat' dir='ltr'>pro</span> <span class='ocrx_word' id='word_1_383' title='bbox 1772 1546 1919 1584; x_wconf 81' lang='lat' dir='ltr'>tempore</span> 
     </span>
     <span class='ocr_line' id='line_1_74' title="bbox 1176 1593 1919 1637; baseline 0.005 -14"><span class='ocrx_word' id='word_1_384' title='bbox 1176 1594 1448 1637; x_wconf 74' lang='lat' dir='ltr'>quandocumque</span> <span class='ocrx_word' id='word_1_385' title='bbox 1475 1593 1642 1636; x_wconf 86' lang='lat' dir='ltr'>spectabit,</span> <span class='ocrx_word' id='word_1_386' title='bbox 1660 1594 1694 1626; x_wconf 91' lang='lat' dir='ltr'>in</span> <span class='ocrx_word' id='word_1_387' title='bbox 1718 1594 1869 1627; x_wconf 88' lang='lat' dir='ltr'>omnibus</span> <span class='ocrx_word' id='word_1_388' title='bbox 1888 1599 1919 1627; x_wconf 83' lang='lat' dir='ltr'>et</span> 
     </span>
     <span class='ocr_line' id='line_1_75' title="bbox 1177 1647 1918 1690; baseline 0.001 -11"><span class='ocrx_word' id='word_1_389' title='bbox 1177 1658 1234 1689; x_wconf 84' lang='lat' dir='ltr'>per</span> <span class='ocrx_word' id='word_1_390' title='bbox 1260 1648 1367 1679; x_wconf 85' lang='lat' dir='ltr'>omnia</span> <span class='ocrx_word' id='word_1_391' title='bbox 1390 1647 1580 1690; x_wconf 85' lang='lat' dir='ltr'>plenissime</span> <span class='ocrx_word' id='word_1_392' title='bbox 1609 1647 1794 1690; x_wconf 82' lang='lat' dir='ltr'>suffragari,</span> <span class='ocrx_word' id='word_1_393' title='bbox 1822 1653 1854 1680; x_wconf 89' lang='lat' dir='ltr'>et</span> <span class='ocrx_word' id='word_1_394' title='bbox 1879 1648 1918 1680; x_wconf 88' lang='lat' dir='ltr'>ab</span> 
     </span>
     <span class='ocr_line' id='line_1_76' title="bbox 1177 1700 1916 1743; baseline 0.001 -11"><span class='ocrx_word' id='word_1_395' title='bbox 1177 1700 1223 1732; x_wconf 90' lang='lat' dir='ltr'>eis</span> <span class='ocrx_word' id='word_1_396' title='bbox 1248 1700 1432 1743; x_wconf 85' lang='lat' dir='ltr'>respective</span> <span class='ocrx_word' id='word_1_397' title='bbox 1465 1700 1699 1733; x_wconf 86' lang='lat' dir='ltr'>inviolabiliter</span> <span class='ocrx_word' id='word_1_398' title='bbox 1727 1701 1916 1741; x_wconf 85' lang='lat' dir='ltr'>observari,</span> 
     </span>
     <span class='ocr_line' id='line_1_77' title="bbox 1177 1752 1919 1797; baseline 0.001 -12"><span class='ocrx_word' id='word_1_399' title='bbox 1177 1754 1287 1796; x_wconf 81' lang='lat' dir='ltr'>sicque</span> <span class='ocrx_word' id='word_1_400' title='bbox 1313 1754 1346 1786; x_wconf 90' lang='lat' dir='ltr'>in</span> <span class='ocrx_word' id='word_1_401' title='bbox 1386 1752 1580 1796; x_wconf 80' lang='lat' dir='ltr'>praemissis</span> <span class='ocrx_word' id='word_1_402' title='bbox 1610 1763 1670 1795; x_wconf 87' lang='lat' dir='ltr'>per</span> <span class='ocrx_word' id='word_1_403' title='bbox 1695 1764 1919 1797; x_wconf 88' lang='lat' dir='ltr'>quoscumque</span> 
     </span>
     <span class='ocr_line' id='line_1_78' title="bbox 1177 1803 1920 1849; baseline 0.001 -10"><span class='ocrx_word' id='word_1_404' title='bbox 1177 1806 1302 1839; x_wconf 84' lang='lat' dir='ltr'>iudices</span> <span class='ocrx_word' id='word_1_405' title='bbox 1324 1803 1521 1839; x_wconf 83' lang='lat' dir='ltr'>&#39;ordinarios</span> <span class='ocrx_word' id='word_1_406' title='bbox 1547 1811 1579 1839; x_wconf 92' lang='lat' dir='ltr'>et</span> <span class='ocrx_word' id='word_1_407' title='bbox 1604 1807 1795 1849; x_wconf 78' lang='lat' dir='ltr'>delegatos,</span> <span class='ocrx_word' id='word_1_408' title='bbox 1823 1807 1920 1840; x_wconf 86' lang='lat' dir='ltr'>etiam</span> 
     </span>
     <span class='ocr_line' id='line_1_79' title="bbox 1178 1860 1922 1903; baseline 0.003 -11"><span class='ocrx_word' id='word_1_409' title='bbox 1178 1870 1350 1892; x_wconf 86' lang='lat' dir='ltr'>causarum</span> <span class='ocrx_word' id='word_1_410' title='bbox 1378 1860 1491 1902; x_wconf 87' lang='lat' dir='ltr'>palatii</span> <span class='ocrx_word' id='word_1_411' title='bbox 1523 1860 1696 1903; x_wconf 88' lang='lat' dir='ltr'>apostolici</span> <span class='ocrx_word' id='word_1_412' title='bbox 1729 1860 1894 1894; x_wconf 84' lang='lat' dir='ltr'>auditores</span> <span class='ocrx_word' id='word_1_413' title='bbox 1915 1888 1922 1901; x_wconf 86' lang='lat'>,</span> 
     </span>
     <span class='ocr_line' id='line_1_80' title="bbox 1179 1909 1920 1957; baseline 0.003 -11"><span class='ocrx_word' id='word_1_414' title='bbox 1179 1909 1221 1947; x_wconf 74' lang='lat' dir='ltr'>ae&#39;</span> <span class='ocrx_word' id='word_1_415' title='bbox 1239 1914 1270 1947; x_wconf 84' lang='lat' dir='ltr'>S.</span> <span class='ocrx_word' id='word_1_416' title='bbox 1292 1914 1328 1946; x_wconf 77' lang='lat' dir='ltr'>P..</span> <span class='ocrx_word' id='word_1_417' title='bbox 1348 1914 1383 1947; x_wconf 90' lang='lat' dir='ltr'>E.</span> <span class='ocrx_word' id='word_1_418' title='bbox 1403 1914 1591 1957; x_wconf 85' lang='lat' dir='ltr'>praedictae</span> <span class='ocrx_word' id='word_1_419' title='bbox 1610 1914 1804 1955; x_wconf 72' lang='lat' dir='ltr'>cardinales,</span> <span class='ocrx_word' id='word_1_420' title='bbox 1823 1915 1920 1948; x_wconf 88' lang='lat' dir='ltr'>etiam</span> 
     </span>
     <span class='ocr_line' id='line_1_81' title="bbox 1179 1967 1922 2010; baseline 0.001 -10"><span class='ocrx_word' id='word_1_421' title='bbox 1179 1968 1218 2000; x_wconf 88' lang='lat' dir='ltr'>de</span> <span class='ocrx_word' id='word_1_422' title='bbox 1236 1968 1337 2000; x_wconf 87' lang='lat' dir='ltr'>latere</span> <span class='ocrx_word' id='word_1_423' title='bbox 1352 1969 1474 2010; x_wconf 80' lang='lat' dir='ltr'>legatos</span> <span class='ocrx_word' id='word_1_424' title='bbox 1492 1974 1524 2000; x_wconf 89' lang='lat' dir='ltr'>et</span> <span class='ocrx_word' id='word_1_425' title='bbox 1542 1967 1644 2000; x_wconf 88' lang='lat' dir='ltr'>dictae</span> <span class='ocrx_word' id='word_1_426' title='bbox 1663 1967 1754 2001; x_wconf 89' lang='lat' dir='ltr'>Sedis</span> <span class='ocrx_word' id='word_1_427' title='bbox 1772 1967 1922 2008; x_wconf 85' lang='lat' dir='ltr'>nuncios,</span> 
     </span>
     <span class='ocr_line' id='line_1_82' title="bbox 1179 2020 1924 2061; baseline 0.001 -8"><span class='ocrx_word' id='word_1_428' title='bbox 1179 2021 1317 2054; x_wconf 87' lang='lat' dir='ltr'>iudicari</span> <span class='ocrx_word' id='word_1_429' title='bbox 1339 2027 1371 2054; x_wconf 88' lang='lat' dir='ltr'>et</span> <span class='ocrx_word' id='word_1_430' title='bbox 1388 2021 1515 2054; x_wconf 79' lang='lat' dir='ltr'>deliniri</span> <span class='ocrx_word' id='word_1_431' title='bbox 1537 2021 1718 2061; x_wconf 86' lang='lat' dir='ltr'>debere,ae</span> <span class='ocrx_word' id='word_1_432' title='bbox 1743 2020 1872 2054; x_wconf 87' lang='lat' dir='ltr'>irritum</span> <span class='ocrx_word' id='word_1_433' title='bbox 1891 2027 1924 2054; x_wconf 90' lang='lat' dir='ltr'>et</span> 
     </span>
     <span class='ocr_line' id='line_1_83' title="bbox 1179 2074 1920 2117; baseline -0.001 -10"><span class='ocrx_word' id='word_1_434' title='bbox 1179 2076 1285 2114; x_wconf 85' lang='lat' dir='ltr'>inane,</span> <span class='ocrx_word' id='word_1_435' title='bbox 1305 2074 1330 2107; x_wconf 90' lang='lat' dir='ltr'>si</span> <span class='ocrx_word' id='word_1_436' title='bbox 1361 2085 1455 2107; x_wconf 87' lang='lat' dir='ltr'>secus</span> <span class='ocrx_word' id='word_1_437' title='bbox 1487 2085 1588 2117; x_wconf 88' lang='lat' dir='ltr'>super</span> <span class='ocrx_word' id='word_1_438' title='bbox 1612 2074 1663 2107; x_wconf 85' lang='lat' dir='ltr'>his</span> <span class='ocrx_word' id='word_1_439' title='bbox 1689 2085 1706 2107; x_wconf 88' lang='lat' dir='ltr'>a</span> <span class='ocrx_word' id='word_1_440' title='bbox 1731 2085 1895 2117; x_wconf 86' lang='lat' dir='ltr'>quoquam</span> <span class='ocrx_word' id='word_1_441' title='bbox 1913 2102 1920 2115; x_wconf 90' lang='lat'>,</span> 
     </span>
     <span class='ocr_line' id='line_1_84' title="bbox 1180 2127 1922 2171; baseline 0.001 -11"><span class='ocrx_word' id='word_1_442' title='bbox 1180 2128 1290 2171; x_wconf 74' lang='lat' dir='ltr'>quavis</span> <span class='ocrx_word' id='word_1_443' title='bbox 1330 2128 1543 2167; x_wconf 85' lang='lat' dir='ltr'>auctoritate,</span> <span class='ocrx_word' id='word_1_444' title='bbox 1569 2128 1713 2160; x_wconf 88' lang='lat' dir='ltr'>scienter</span> <span class='ocrx_word' id='word_1_445' title='bbox 1745 2129 1795 2161; x_wconf 87' lang='lat' dir='ltr'>vel</span> <span class='ocrx_word' id='word_1_446' title='bbox 1827 2127 1922 2170; x_wconf 83' lang='lat' dir='ltr'>igno-</span> 
     </span>
     <span class='ocr_line' id='line_1_85' title="bbox 1180 2180 1713 2223; baseline -0.004 -9"><span class='ocrx_word' id='word_1_447' title='bbox 1180 2188 1308 2221; x_wconf 87' lang='lat' dir='ltr'>ranter,</span> <span class='ocrx_word' id='word_1_448' title='bbox 1341 2180 1516 2223; x_wconf 75' lang='lat' dir='ltr'>contigerit</span> <span class='ocrx_word' id='word_1_449' title='bbox 1547 2180 1713 2213; x_wconf 86' lang='lat' dir='ltr'>attentari.</span> 
     </span>
    </p>

    <p class='ocr_par' dir='ltr' id='par_1_9' title="bbox 1179 2233 1924 2704">
     <span class='ocr_line' id='line_1_86' title="bbox 1223 2233 1922 2279; baseline -0.001 -12"><span class='ocrx_word' id='word_1_450' title='bbox 1223 2236 1237 2279; x_wconf 64' lang='grc' dir='ltr'>ξ</span> <span class='ocrx_word' id='word_1_451' title='bbox 1261 2235 1292 2267; x_wconf 73' lang='grc'>4.</span> <span class='ocrx_word' id='word_1_452' title='bbox 1320 2235 1390 2268; x_wconf 74' lang='lat' dir='ltr'>Non</span> <span class='ocrx_word' id='word_1_453' title='bbox 1417 2234 1622 2267; x_wconf 82' lang='lat' dir='ltr'>obstantibus</span> <span class='ocrx_word' id='word_1_454' title='bbox 1648 2233 1855 2276; x_wconf 84' lang='lat' dir='ltr'>praemissis,</span> <span class='ocrx_word' id='word_1_455' title='bbox 1887 2244 1922 2267; x_wconf 82' lang='lat' dir='ltr'>ac</span> 
     </span>
     <span class='ocr_line' id='line_1_87' title="bbox 1179 2287 1923 2330; baseline -0.001 -9"><span class='ocrx_word' id='word_1_456' title='bbox 1179 2288 1468 2322; x_wconf 84' lang='lat' dir='ltr'>constitutionibus</span> <span class='ocrx_word' id='word_1_457' title='bbox 1493 2293 1524 2320; x_wconf 89' lang='lat' dir='ltr'>et</span> <span class='ocrx_word' id='word_1_458' title='bbox 1546 2287 1809 2320; x_wconf 87' lang='lat' dir='ltr'>ordinationibus</span> <span class='ocrx_word' id='word_1_459' title='bbox 1846 2298 1923 2330; x_wconf 86' lang='lat' dir='ltr'>apo-</span> 
     </span>
     <span class='ocr_line' id='line_1_88' title="bbox 1179 2340 1923 2384; baseline -0.003 -9"><span class='ocrx_word' id='word_1_460' title='bbox 1179 2343 1314 2381; x_wconf 79' lang='lat' dir='ltr'>stolicis,</span> <span class='ocrx_word' id='word_1_461' title='bbox 1340 2352 1481 2381; x_wconf 82' lang='lat' dir='ltr'>necnon,</span> <span class='ocrx_word' id='word_1_462' title='bbox 1508 2346 1667 2384; x_wconf 79' lang='lat' dir='ltr'>quatenus</span> <span class='ocrx_word' id='word_1_463' title='bbox 1690 2351 1771 2383; x_wconf 89' lang='lat' dir='ltr'>opus</span> <span class='ocrx_word' id='word_1_464' title='bbox 1801 2340 1852 2379; x_wconf 81' lang='lat' dir='ltr'>sit,</span> <span class='ocrx_word' id='word_1_465' title='bbox 1877 2340 1923 2373; x_wconf 90' lang='lat' dir='ltr'>di-</span> 
     </span>
     <span class='ocr_line' id='line_1_89' title="bbox 1180 2393 1922 2437; baseline -0.004 -9"><span class='ocrx_word' id='word_1_466' title='bbox 1180 2402 1249 2428; x_wconf 87' lang='lat' dir='ltr'>ctae</span> <span class='ocrx_word' id='word_1_467' title='bbox 1275 2394 1545 2437; x_wconf 79' lang='lat' dir='ltr'>Congregationis</span> <span class='ocrx_word' id='word_1_468' title='bbox 1581 2393 1778 2436; x_wconf 86' lang='lat' dir='ltr'>Hispaniae,</span> <span class='ocrx_word' id='word_1_469' title='bbox 1811 2393 1922 2426; x_wconf 86' lang='lat' dir='ltr'>aliisve</span> 
     </span>
     <span class='ocr_line' id='line_1_90' title="bbox 1180 2445 1923 2492; baseline -0.001 -13"><span class='ocrx_word' id='word_1_470' title='bbox 1180 2448 1366 2492; x_wconf 75' lang='lat' dir='ltr'>quibusvis,</span> <span class='ocrx_word' id='word_1_471' title='bbox 1394 2448 1489 2480; x_wconf 89' lang='lat' dir='ltr'>etiam</span> <span class='ocrx_word' id='word_1_472' title='bbox 1516 2446 1696 2479; x_wconf 86' lang='lat' dir='ltr'>iuramento</span> <span class='ocrx_word' id='word_1_473' title='bbox 1714 2473 1721 2485; x_wconf 92' lang='lat'>,</span> <span class='ocrx_word' id='word_1_474' title='bbox 1758 2445 1923 2479; x_wconf 82' lang='lat' dir='ltr'>confirma-</span> 
     </span>
     <span class='ocr_line' id='line_1_91' title="bbox 1182 2499 1922 2543; baseline -0.001 -10"><span class='ocrx_word' id='word_1_475' title='bbox 1182 2501 1267 2533; x_wconf 90' lang='lat' dir='ltr'>tione</span> <span class='ocrx_word' id='word_1_476' title='bbox 1309 2500 1506 2543; x_wconf 78' lang='lat' dir='ltr'>apostolica,</span> <span class='ocrx_word' id='word_1_477' title='bbox 1539 2500 1590 2532; x_wconf 82' lang='lat' dir='ltr'>vel</span> <span class='ocrx_word' id='word_1_478' title='bbox 1623 2499 1734 2541; x_wconf 83' lang='lat' dir='ltr'>quavis</span> <span class='ocrx_word' id='word_1_479' title='bbox 1772 2499 1922 2532; x_wconf 78' lang='lat' dir='ltr'>firmitate.</span> 
     </span>
     <span class='ocr_line' id='line_1_92' title="bbox 1180 2552 1923 2592; baseline -0.004 -5"><span class='ocrx_word' id='word_1_480' title='bbox 1180 2555 1243 2587; x_wconf 76' lang='lat' dir='ltr'>alia</span> <span class='ocrx_word' id='word_1_481' title='bbox 1273 2554 1446 2592; x_wconf 87' lang='lat' dir='ltr'>roboratis,</span> <span class='ocrx_word' id='word_1_482' title='bbox 1472 2552 1602 2585; x_wconf 89' lang='lat' dir='ltr'>statutis</span> <span class='ocrx_word' id='word_1_483' title='bbox 1628 2558 1660 2584; x_wconf 88' lang='lat' dir='ltr'>et</span> <span class='ocrx_word' id='word_1_484' title='bbox 1681 2552 1923 2585; x_wconf 87' lang='lat' dir='ltr'>consuetudini-</span> 
     </span>
     <span class='ocr_line' id='line_1_93' title="bbox 1179 2604 1923 2650; baseline -0.003 -11"><span class='ocrx_word' id='word_1_485' title='bbox 1179 2608 1251 2647; x_wconf 88' lang='lat' dir='ltr'>bus,</span> <span class='ocrx_word' id='word_1_486' title='bbox 1277 2605 1455 2650; x_wconf 78' lang='lat' dir='ltr'>privilegiis</span> <span class='ocrx_word' id='word_1_487' title='bbox 1476 2615 1628 2648; x_wconf 86' lang='lat' dir='ltr'>quoque,</span> <span class='ocrx_word' id='word_1_488' title='bbox 1650 2604 1785 2637; x_wconf 89' lang='lat' dir='ltr'>indultis</span> <span class='ocrx_word' id='word_1_489' title='bbox 1812 2609 1846 2638; x_wconf 91' lang='lat' dir='ltr'>et</span> <span class='ocrx_word' id='word_1_490' title='bbox 1871 2605 1923 2638; x_wconf 88' lang='lat' dir='ltr'>lit-</span> 
     </span>
     <span class='ocr_line' id='line_1_94' title="bbox 1182 2658 1924 2704; baseline 0.001 -12"><span class='ocrx_word' id='word_1_491' title='bbox 1182 2660 1258 2693; x_wconf 86' lang='lat' dir='ltr'>teris</span> <span class='ocrx_word' id='word_1_492' title='bbox 1284 2659 1481 2704; x_wconf 86' lang='lat' dir='ltr'>apostolicis‚</span> <span class='ocrx_word' id='word_1_493' title='bbox 1508 2658 1537 2690; x_wconf 93' lang='lat' dir='ltr'>in</span> <span class='ocrx_word' id='word_1_494' title='bbox 1554 2658 1753 2691; x_wconf 84' lang='lat' dir='ltr'>eontrarium</span> <span class='ocrx_word' id='word_1_495' title='bbox 1770 2658 1924 2702; x_wconf 79' lang='lat' dir='ltr'>praemis-</span> 
     </span>
    </p>
   </div>
   <div class='ocr_carea' id='block_1_6' title="bbox 1917 262 2102 292">
    <p class='ocr_par' dir='ltr' id='par_1_10' title="bbox 1917 262 2102 292">
     <span class='ocr_line' id='line_1_95' title="bbox 1917 262 2102 292; baseline 0.011 -2"><span class='ocrx_word' id='word_1_496' title='bbox 1917 262 1966 291; x_wconf 76' lang='lat' dir='ltr'>An.</span> <span class='ocrx_word' id='word_1_497' title='bbox 1988 263 2016 291; x_wconf 81' lang='lat' dir='ltr'>C.</span> <span class='ocrx_word' id='word_1_498' title='bbox 2035 263 2102 292; x_wconf 82' lang='lat'><strong>1698</strong></span> 
     </span>
    </p>
   </div>
   <div class='ocr_carea' id='block_1_7' title="bbox 2222 0 2254 1326">
    <p class='ocr_par' dir='ltr' id='par_1_11' title="bbox 2222 0 2254 1326">
     <span class='ocr_line' id='line_1_96' title="bbox 2222 0 2254 1326; baseline 0 0"><span class='ocrx_word' id='word_1_499' title='bbox 2222 0 2254 1326; x_wconf 95' lang='lat' dir='ltr'> </span> 
     </span>
    </p>
   </div>
   <div class='ocr_carea' id='block_1_8' title="bbox 1955 1337 2078 1361">
    <p class='ocr_par' dir='ltr' id='par_1_12' title="bbox 1955 1337 2078 1361">
     <span class='ocr_line' id='line_1_97' title="bbox 1955 1337 2078 1361; baseline -0.008 -3"><span class='ocrx_word' id='word_1_500' title='bbox 1955 1337 2078 1361; x_wconf 71' lang='lat' dir='ltr'>Clausulas.</span> 
     </span>
    </p>
   </div>
   <div class='ocr_carea' id='block_1_9' title="bbox 1933 2240 2116 2293">
    <p class='ocr_par' dir='ltr' id='par_1_13' title="bbox 1933 2240 2116 2293">
     <span class='ocr_line' id='line_1_98' title="bbox 1956 2240 2116 2261; baseline 0.006 -1"><span class='ocrx_word' id='word_1_501' title='bbox 1956 2240 2116 2261; x_wconf 70' lang='lat' dir='ltr'>Contrariorum</span> 
     </span>
     <span class='ocr_line' id='line_1_99' title="bbox 1933 2268 2053 2293; baseline 0.008 -7"><span class='ocrx_word' id='word_1_502' title='bbox 1933 2268 2053 2293; x_wconf 66' lang='lat' dir='ltr'>‹ieri-gatto.</span> 
     </span>
    </p>
   </div>
  </div>
 </body>
</html>
