2254 3225
217 226 268 252 An.
290 224 318 252 c.
339 224 408 251 1095
453 215 516 247 676

268 1825 356 1847 Decreta
373 1828 412 1851 pro

229 1854 263 1874 illu
280 1851 394 1873 servanda.

989 215 1169 243 BULLARIUM
1192 214 1347 240 ROMANUM

411 277 519 313 tatem,
545 276 643 315 atque
665 269 761 303 etiam
786 266 960 302 delinitorii
986 265 1147 310 generalis
1165 266 1172 308 1
1190 265 1353 307 eligantur
1376 262 1513 307 priores,
1538 271 1574 296 ex
1594 260 1664 296 aliis
1688 272 1763 296 vero
1788 261 1924 306 singulis

411 330 603 369 potestatem
629 335 690 367 qua
714 324 824 367 pollet,
848 327 943 365 atque
969 320 1050 353 adeo
1075 329 1149 352 con-

413 379 510 412 dendi
532 379 564 411 in
592 378 742 411 universo
771 375 890 409 Ordine
920 375 1011 416 leges
1030 373 1149 416 imper-

411 430 490 474 tiit¹,
503 437 547 474 ut,
560 431 618 464 sub
630 429 835 473 beneplacito
844 427 963 461 Summi
975 424 1150 464 Pontificis‚

413 486 523 529 omnia
536 484 720 529 provinciae
740 487 865 515 vestrae
889 479 993 513 officia
1008 477 1150 521 perfecta

414 538 616 583 aequalitate
652 535 775 569 servat-‘⁴1
799 534 832 566 in
857 538 1020 576 posterum
1054 535 1149 572 atque

414 593 511 627 etiam
535 591 632 624 modo
658 587 886 622 distribuenda
902 594 1093 629 procurem,
1117 586 1151 613 ut

414 646 461 680 sie
496 645 585 678 nulla
616 641 780 676 distinctio
805 641 905 681 ullam
929 634 1151 680 conquerendi

415 709 542 733 causam
569 696 687 730 habeat
717 697 769 727 aut
798 692 932 726 timendi
957 694 1150 735 perpetuam

415 751 547 785 alterius
586 746 802 790 distinctionis
837 743 1149 778 denominationem.

414 804 557 847 Cumque
591 800 759 845 aequalem
793 798 973 839 officiorum
1008 794 1151 828 omnium

414 862 544 891 vestrae
564 853 748 899 provinciae
778 849 1040 884 distributionem
1066 847 1153 878 inter

414 910 579 955 praefatas
600 905 836 945 distinctiones,
856 909 950 946 atque
967 903 999 935 in
1012 902 1152 933 savorem

416 964 590 1007 dignorum
627 971 664 993 ex
701 958 844 1003 qualibet
878 957 912 989 in
948 955 1012 988 hoc
1044 958 1152 986 vestro

415 1017 556 1061 capitulo
587 1011 777 1058 provinciali
806 1011 869 1043 iam
901 1008 1083 1047 fecerimus,
1108 1010 1155 1038 at-

416 1080 479 1114 que
506 1070 543 1102 ea
568 1067 694 1100 ratione
715 1066 777 1098 iam
804 1063 925 1096 cunctis
950 1061 1063 1104 sopitis
1091 1058 1155 1092 liti-

414 1122 485 1163 bus,
508 1121 595 1166 quod
621 1119 876 1162 experimentum
906 1115 996 1148 vobis
1027 1113 1155 1146 notissi-

414 1186 503 1209 mum
536 1172 671 1217 praefati
705 1170 804 1204 medii
836 1170 898 1211 vim
925 1174 956 1201 et
981 1166 1155 1200 efficaciam

418 1227 552 1262 indubie
588 1224 698 1270 prodit
723 1229 754 1257 et
779 1222 992 1266 comprobat,
1027 1220 1155 1262 hocque

416 1291 515 1314 unum
545 1279 638 1313 nobis
670 1277 813 1321 supersit
845 1275 942 1308 modo
975 1272 1155 1306 curandum

415 1340 451 1367 ut
476 1333 589 1367 eadem
620 1342 680 1375 pax
714 1330 845 1362 inducta
878 1332 1037 1371 perpetua
1062 1325 1103 1358 sit
1127 1331 1158 1358 ct

419 1388 510 1421 nulla
529 1386 632 1418 valeat
649 1383 774 1416 ratione
794 1381 930 1414 turbari:
949 1382 987 1413 ea
1007 1380 1045 1412 dc
1064 1380 1158 1412 causa

419 1444 642 1484 opportunum
671 1442 765 1479 atque
785 1434 918 1468 omnino
938 1432 1156 1466 necessarium

417 1491 629 1526 iudicavimus
653 1489 760 1522 media
785 1489 823 1520 ad
849 1488 936 1520 illam
955 1496 1066 1530 pacem
1084 1495 1159 1518 con-

419 1544 620 1583 servandam,
654 1552 771 1585 nempe
795 1540 1016 1584 pi‘te‘atorum
1042 1537 1158 1570 officio-

419 1609 490 1632 rum
516 1595 792 1634 distributionem,
814 1593 969 1633 retinere,
997 1591 1102 1623 favore
1128 1594 1159 1622 et

419 1656 598 1696 praecepto
623 1655 735 1683 nostro
761 1653 856 1691 atque
882 1645 1071 1679 auctoritate
1099 1643 1159 1676 fir-

420 1715 519 1745 mare,
545 1704 579 1736 in
611 1713 684 1736 eum
717 1701 813 1734 tinem
845 1698 1014 1742 sequentia
1045 1697 1159 1730 decer-

421 1758 544 1792 nendo.

466 1821 489 1845 1.
516 1810 556 1844 Ut
588 1815 663 1853 post
693 1807 877 1850 superiores
915 1815 1027 1838 onmes
1063 1803 1160 1836 huius

422 1870 549 1899 vestrae
566 1862 750 1907 provinciae
776 1870 835 1903 per
859 1858 1072 1892 successivam
1097 1867 1161 1889 mu-

423 1918 577 1951 tationem
610 1915 702 1954 fiant,
723 1913 855 1952 scilicet,
881 1917 916 1943 ut
951 1909 1161 1954 provincialis

422 1981 482 2015 per
502 1975 633 2002 turnum
648 1967 746 2000 modo
764 1976 800 1998 ex
821 1966 1044 2003 Alvernorum,
1062 1962 1160 1995 modo

425 2034 461 2056 ex
487 2020 775 2059 Lemovicensium,
799 2017 895 2051 modo
913 2027 949 2049 ex
976 2018 1077 2049 altera
1099 2015 1162 2047 dis-

424 2075 593 2114 tinctione,
614 2083 710 2116 quam
730 2071 871 2104 Tertiam
889 2080 947 2102 seu
966 2068 1161 2101 Parlamenti

426 2127 579 2162 Tolosani
604 2130 731 2164 vocant,
756 2123 953 2156 instituatur.

470 2192 505 2215 11.
534 2180 574 2213 Ut
598 2178 782 2211 immediate
803 2182 877 2220 post
897 2175 1107 2219 provincialis
1132 2184 1162 2207 e-

426 2234 600 2270 lectionem
632 2232 716 2265 idem
749 2231 948 2264 reverendus
972 2234 1066 2273 pater
1089 2240 1164 2274 pro-

428 2287 574 2322 vincialis
607 2297 643 2319 ex
673 2287 773 2318 altera
805 2284 1010 2317 distinetione
1041 2283 1164 2316 socium

430 2341 491 2375 sibi
510 2345 668 2379 assumat,
687 2344 718 2371 et
739 2349 808 2371 cum
827 2338 859 2369 in
880 2339 984 2370 vestra
998 2337 1164 2379 provincia

431 2392 589 2427 tredecim
616 2396 737 2424 tantum
764 2395 940 2423 conventus
965 2389 1042 2430 sint,
1068 2395 1103 2421 ut
1127 2399 1163 2422 ex

432 2449 469 2482 ea
488 2446 626 2485 natione,
645 2455 680 2477 ex
706 2454 769 2486 qua
795 2443 827 2475 in
852 2442 998 2485 proximo
1023 2442 1164 2484 capitulo

431 2498 641 2546 provincialis
677 2497 738 2530 erit
772 2496 994 2537 assumendus,
1024 2495 1165 2539 quinque

470 2618 484 2645 1
505 2616 576 2644 Edit.
592 2613 672 2641 Main.
689 2612 753 2648 legit
772 2611 904 2647 impertit
921 2612 961 2647 (n.
979 2611 1029 2646 Τ.).

1191 322 1330 361 quatuor
1354 322 1489 350 tantum.

1234 380 1283 404 111.
1302 370 1342 403 Ut
1359 370 1522 414 quaelibet
1539 369 1703 403 distinctio
1733 374 1786 403 aut
1803 369 1923 403 socium

1191 433 1291 456 unum
1325 424 1446 455 iturum
1482 423 1522 456 ad
1558 423 1735 467 capitulum
1759 424 1922 466 generale,

1191 480 1245 508 aut
1267 475 1453 518 provinciae
1474 475 1639 508 custodem
1666 476 1863 519 suppeditet.

1236 538 1278 561 1v.
1294 528 1335 561 Ut
1355 539 1391 561 ex
1418 529 1455 561 ea
1471 528 1686 569 distinctione,
1705 539 1763 561 seu
1781 528 1925 569 natione,

1193 591 1230 614 ex
1249 592 1311 624 qua
1328 582 1526 615 reverendus
1546 586 1638 625 pater
1653 581 1860 625 provincialis
1881 592 1927 614 as-

1193 634 1367 667 sumendus
1394 639 1450 675 est,
1474 645 1556 667 unus
1581 639 1704 667 tantum
1730 634 1878 668 definitor
1894 635 1926 667 in

1193 691 1359 729 posterum
1384 688 1542 730 eligatur,
1569 697 1605 721 ex
1632 689 1667 721 ea
1691 698 1779 728 vero,
1806 697 1843 720 ex
1866 697 1928 730 qua

1195 741 1359 781 assistens,
1383 742 1484 782 alter;
1506 748 1536 775 et
1556 752 1591 774 ex
1611 741 1666 774 illa
1684 742 1824 782 tandem,
1842 741 1927 774 unde

1195 803 1300 837 neque
1325 794 1535 837 provincialis
1560 804 1666 838 neque
1697 794 1854 827 assistens
1885 804 1930 826 as-

1195 846 1341 879 sumendi
1377 852 1460 888 sunt,
1487 847 1549 881 duo
1586 846 1703 891 reliqui
1741 846 1929 880 definitores

1196 905 1409 933 assumantur.

1239 962 1271 985 v.
1298 952 1337 984 Ut
1360 953 1473 986 novitii
1497 953 1592 986 etiam
1624 963 1660 986 ex
1693 963 1796 996 aequo
1821 951 1933 985 admit-

1197 1011 1319 1047 tantur3
1356 1007 1478 1050 poterit
1515 1013 1621 1039 tamen
1656 1005 1865 1049 provincialis
1900 1005 1933 1037 in

1198 1060 1324 1093 casibus
1348 1059 1613 1093 extraordinariis
1646 1070 1745 1092 unum
1776 1064 1830 1092 aut
1855 1059 1934 1091 alte-

1198 1124 1268 1146 rum
1294 1124 1355 1156 pro
1380 1115 1437 1145 sua
1461 1112 1633 1156 prudentia
1654 1112 1887 1156 superaddere.

1242 1177 1284 1200 vi.
1310 1166 1363 1207 Ut,
1389 1172 1516 1200 mortuo
1550 1167 1599 1199 vel
1633 1170 1798 1209 assumpto
1823 1165 1933 1209 aliquo

1199 1220 1283 1253 intra
1309 1220 1483 1252 triennium
1508 1218 1689 1260 definitore,
1708 1229 1773 1252 non
1791 1219 1844 1262 qui
1861 1224 1936 1252 vota

1199 1272 1388 1316 simpliciter
1405 1273 1498 1315 plura
1519 1272 1671 1305 habuerit
1695 1271 1726 1304 in
1752 1272 1865 1305 ultimo
1884 1282 1938 1305 ca-

1199 1325 1301 1369 pitulo
1327 1325 1355 1358 ei
1380 1326 1541 1366 succedat,
1566 1326 1621 1358 sed
1640 1326 1695 1358 ille
1721 1330 1855 1367 tantum,
1882 1325 1937 1368 qui

1199 1381 1293 1423 plura
1324 1385 1398 1412 vota
1433 1379 1517 1412 inter
1552 1390 1618 1419 eos,
1645 1380 1696 1422 qui
1724 1379 1763 1412 ad
1789 1379 1935 1412 eamdem

1200 1442 1273 1464 cum
1291 1437 1416 1465 mortuo
1433 1432 1482 1465 vel
1501 1436 1668 1475 assumpto
1691 1431 1936 1465 di<tinctionem

1200 1491 1357 1528 spectant,
1384 1486 1540 1518 habuere.

1243 1548 1300 1571 vll.
1320 1537 1369 1578 Ut,
1394 1544 1522 1571 mortuo
1547 1539 1597 1571 vel
1623 1543 1786 1581 assumpto
1804 1544 1859 1571 aut
1875 1538 1938 1571 alia

1201 1592 1325 1624 ratione
1351 1591 1500 1624 absoluto
1525 1591 1719 1634 provinciali
1753 1592 1864 1635 (quod
1898 1591 1937 1624 de

1202 1645 1370 1677 assistente
1390 1644 1512 1687 pariter
1536 1644 1788 1687 intelligendum
1815 1645 1888 1688 est),
1905 1644 1939 1676 in

1202 1697 1288 1730 illius
1305 1698 1413 1730 locum
1440 1697 1585 1730 eiusdem
1611 1703 1734 1730 tantum
1760 1698 1940 1731 distinctio-

1202 1751 1251 1783 nis
1266 1750 1437 1793 religiosus
1452 1750 1675 1783 substituatur:
1690 1756 1832 1793 tuncque
1845 1749 1940 1783 tunc¹

1202 1803 1325 1847 primus
1358 1803 1531 1843 delinitor,
1567 1803 1622 1836 sed
1655 1804 1710 1836 ille
1736 1808 1859 1836 tantum
1886 1803 1941 1847 qui

1203 1867 1272 1889 cum
1298 1862 1428 1889 mortuo
1450 1857 1499 1889 vel
1517 1861 1625 1889 amoto
1652 1856 1870 1889 distinctionis
1884 1861 1941 1896 est,

1203 1910 1398 1954 provinciam
1434 1914 1535 1952 regat,
1561 1916 1592 1942 et
1618 1916 1682 1943 tres
1706 1910 1827 1953 pariter
1857 1910 1942 1943 eius-

1204 1964 1277 1996 dem
1299 1963 1516 1996 distinctionis
1535 1963 1707 2006 religiosos
1732 1964 1893 1997 nominari
1911 1969 1943 1997 et

1204 2016 1478 2050 reverendissimo
1505 2022 1595 2060 pater
1619 2017 1819 2060 praesentari
1838 2022 1940 2057 curet,

1203 2075 1239 2103 ut
1259 2081 1295 2102 ex
1317 2069 1381 2102 illis
1405 2080 1503 2102 unum
1524 2070 1557 2102 in
1582 2070 1738 2102 vicarium
1763 2070 1943 2113 provincia-

1203 2123 1268 2156 lem
1305 2127 1457 2163 assumat,
1489 2123 1576 2154 iuxta
1603 2122 1738 2155 formam
1770 2133 1858 2155 num.
1887 2133 1941 2163 Vl,

1205 2187 1275 2220 cap.
1296 2186 1351 2215 vn,
1375 2181 1458 2219 part.
1486 2186 1522 2209 111
1552 2175 1821 2209 constitutionum
1847 2187 1942 2219 prae-

1205 2230 1373 2273 scriptam.

1249 2293 1320 2316 vm.
1353 2282 1414 2324 Ut,
1439 2288 1569 2316 mortuo
1602 2284 1652 2316 vel
1689 2289 1857 2327 assumpto
1889 2289 1943 2316 aut

1207 2342 1314 2369 amoto
1351 2335 1460 2379 aliquo
1493 2336 1575 2368 intra
1606 2335 1781 2368 triennium
1806 2336 1939 2379 priore,

1207 2391 1289 2422 alter
1314 2389 1409 2422 etiam
1435 2389 1577 2421 eiusdem
1605 2389 1822 2421 distinctionis
1846 2400 1864 2422 a
1889 2389 1943 2423 de-

1207 2442 1350 2475 finitorio
1376 2451 1428 2474 aut
1441 2441 1630 2484 provinciali
1645 2441 1847 2483 subrogetur,
1863 2441 1944 2475 itaut

1209 2495 1264 2527 illa
1277 2494 1401 2533 electio,
1419 2499 1454 2526 ut
1471 2499 1503 2526 et
1522 2499 1648 2526 ceterae
1666 2495 1844 2528 electiones
1859 2495 1944 2538 prio-

1248 2610 1257 2636 1
1276 2608 1328 2637 Vox
1345 2611 1409 2637 lianc
1424 2612 1532 2643 praeter
1547 2617 1603 2636 rem
1620 2617 1678 2637 esse
1694 2609 1800 2638 videtur
1814 2611 1851 2646 (n.
1867 2612 1916 2647 T.)-

1928 213 1976 243 An.
1997 215 2027 243 C.
2044 214 2113 243 1695
