2227 3225
118 198 168 224 An.
183 197 212 225 C.
234 197 296 224 1691

891 194 1101 219 &nocemus
1129 194 1172 218 xn
1196 195 1243 218 rr.

353 245 420 283 Quo
445 245 546 283 finite,
567 244 729 287 praelatus
755 242 885 286 incipiat
910 243 1046 282 litanias,
1089 243 1193 272 Sancte
1216 244 1299 272 Pon—e
1322 243 1536 281 Armengaude,
1580 254 1628 275 ora
1653 256 1702 286 pro
1726 247 1820 277 ιεώὶὄ.

311 304 343 330 et.
366 304 539 331 conventus
563 297 757 340 respondeat
780 301 815 329 ut
835 296 1001 339 sequitur:

310 351 396 390 Kyrie
419 351 544 381 eleison.

310 399 423 430 Christe
447 399 569 430 eleison.

311 446 396 486 lx'yrie
419 448 540 478 eleison.

310 496 423 526 (lhriste
446 496 515 526 andi
538 506 601 526 noS.

310 542 422 574 christe
445 545 550 574 exaudi
574 554 638 574 nOS.

310 588 396 622 Pater
413 593 449 623 de
471 593 559 623 caelis
580 593 666 628 Deus,

310 690 436 729 Spiritus
456 692 560 721 Sancte
583 691 667 729 Deus,

311 787 417 817 Sancta
439 788 539 826 Maria,

310 835 415 865 Sancta
438 836 487 867 Dei
510 836 655 874 Genitrix,

310 884 414 915 Sancta
438 885 523 924 Virgo
546 886 709 924 virginum,

311 933 416 963 Sancte
440 934 572 971 Michaet,

310 981 415 1012 Sancte
438 981 567 1020 Gabriel,

310 1030 415 1061 Sancte
437 1031 579 1071 Raphael‚

310 1078 417 1110 Omnes
438 1080 534 1110 sancti
549 1080 653 1117 Angeli
674 1084 702 1110 et
718 1080 771 1109 Ar-

393 1128 519 1166 ceungeu,

313 1175 421 1206 Omnes
437 1176 531 1206 sancti
546 1175 698 1206 beatorum
714 1177 773 1216 spi-

392 1224 502 1254 rituum
525 1225 652 1261 ordines,

311 1274 416 1303 Sancte
438 1273 561 1303 Ioannes
582 1273 723 1313 Baptista,

311 1320 419 1351 Omnes
435 1322 528 1352 sancti
541 1322 727 1352 Batriarcliae
743 1326 771 1352 et

390 1369 564 1409 Prophetae,

790 592 928 622 miserere
951 590 1045 621 nobis.

310 640 364 671 Fili
388 642 554 682 redemptor
572 642 673 672 mundi
688 642 773 678 Dens,
791 642 927 671 miserere
951 640 1045 670 nobis.

790 690 930 720 miserere
952 689 1046 719 nobis.

310 738 413 769 Sancta
435 739 564 769 Trinitas
582 749 657 770 nnus
679 739 765 777 Dens,
789 739 929 769 miserere
952 738 1046 768 nobis,

804 797 853 817 ora
877 796 929 827 pro
952 787 1046 817 nobis.

807 846 856 867 ora
879 845 930 876 pro
952 836 1046 866 nobis.

806 894 856 915 ora
879 894 930 925 pro
953 884 1047 914 nobis.

805 943 854 964 ora
879 943 930 973 pro
953 934 1047 963 nobis.

806 991 855 1013 ora
879 991 930 1022 pro
952 982 1047 1012 nobis.

804 1040 853 1061 ora
876 1040 929 1071 pro
951 1031 1046 1061 nobis.

774 1132 854 1158 orate
877 1138 929 1167 pro
952 1129 1047 1159 nohis.

775 1229 855 1254 orate
878 1234 929 1264 pro
952 1225 1046 1255 nobis.

806 1283 855 1304 ora
879 1283 931 1313 pro
954 1274 1046 1304 nobis

777 1375 855 1400 orate
879 1380 929 1409 pro
952 1371 1045 1401 nobis.

1723 190 1779 223 ΞΜ

1089 290 1186 321 Sancti
1225 291 1351 321 Fabiane
1393 296 1420 321 et
1460 293 1548 322 Seba-

1168 340 1277 373 stiane,

1089 387 1186 418 Sancti
1209 388 1331 418 loannes
1353 393 1381 419 et
1403 389 1501 427 Paule,

1089 533 1196 563 Omnes
1218 535 1310 563 sancti
1332 535 1485 574 MartyreS,

1089 582 1192 612 Sancte
1214 583 1362 619 Silvester,

1089 631 1191 661 Sancte
1214 632 1346 671 Gregori,

1090 680 1193 711 Sancte
1216 682 1362 720 Λιῑὼῑοεὶ,

1090 729 1194 760 Sancte
1217 731 1390 770 Augustine,

1090 779 1193 810 Sancte
1217 780 1402 819 ilienmyme,

1090 828 1194 857 Sancte
1216 829 1350 866 Martiae,

1091 876 1194 906 Sancte
1216 877 1343 912 Nicoiae,

1091 925 1198 956 Omnes
1220 927 1312 956 sancti
1342 927 1497 958 Pontifices
1523 932 1550 958 et

1170 975 1366 1013 consessores,

1094 1023 1200 1054 Omnes
1222 1025 1314 1054 sancti
1336 1025 1484 1062 Doctores,

1090 1074 1193 1103 Sancte
1212 1078 1293 1112 pater
1315 1078 1415 1104 noster
1438 1075 1532 1113 Petre,

1090 1122 1193 1152 Sam-te
1216 1123 1324 1152 Antoni

1089 1170 1193 1201 Sancte
1216 1171 1382 1209 Benedicte,

1089 1219 1192 1250 Sancte
1214 1220 1372 1258 Bernarde,

1089 1269 1192 1299 Sancte
1214 1270 1374 1305 Dominice,

1089 1318 1192 1348 Sancte
1215 1319 1381 1356 Franciscc,

1089 1366 1192 1396 Sancte
1215 1371 1296 1405 pater
1318 1367 1500 1405 Raymunde,

1089 1413 1196 1444 Omnes
1214 1415 1306 1444 sancti
1329 1414 1500 1445 Sacerdotes
1523 1420 1548 1445 et

1552 346 1631 372 orate
1654 352 1705 381 pro
1727 344 1822 374 nobis.

1552 395 1631 420 orate
1655 400 1706 430 pro
1728 392 1821 423 nobis.

1088 437 1186 466 Sancti
1209 437 1310 467 Cosma
1332 442 1361 467 et
1382 438 1532 475 Damiane,
1552 444 1631 469 orate
1654 449 1705 479 pro
1727 441 1822 471 nobis.

1089 484 1185 515 Sancti
1209 485 1327 515 Gcrvasi
1350 490 1377 516 et
1399 486 1522 525 protasi,
1552 492 1632 517 orate
1655 497 1706 527 pro
1728 488 1822 519 nobis.

1555 540 1634 566 orate
1657 546 1707 575 pro
1729 537 1823 567 nobis.

1551 589 1631 614 orate
1654 594 1705 624 pro
1728 586 1823 616 nobis.

1554 639 1633 665 orate
1655 645 1707 674 pro
1729 635 1823 666 nobis.

1551 689 1631 714 orate
1654 694 1706 724 pro
1728 685 1824 715 nobis.

1553 737 1633 763 orate
1656 743 1707 773 pro
1730 734 1824 764 nohis.

1552 786 1632 812 orate
1654 792 1707 822 pro
1730 783 1825 813 nobis.

1551 835 1632 861 orate
1654 840 1706 870 pro
1730 831 1824 861 nobis.

1553 884 1633 909 orate
1657 889 1707 919 pro
1730 880 1826 911 nobis.

1555 982 1635 1008 orate
1658 987 1709 1018 pro
1732 979 1825 1009 nobis.

1554 1031 1634 1056 orate
1657 1037 1708 1066 pro
1731 1027 1825 1058 nobis.

1586 1085 1634 1105 ora
1658 1085 1709 1115 pro
1731 1077 1826 1107 nohis.

1584 1134 1632 1154 ora
1656 1135 1708 1164 pro
1730 1126 1825 1156 nobis.

1584 1183 1632 1203 ora
1655 1183 1707 1213 pro
1729 1175 1825 1205 nobis.

1583 1232 1633 1252 ora
1656 1233 1707 1262 pro
1731 1223 1825 1254 nobis.

1582 1281 1631 1301 ora
1656 1282 1707 1311 pro
1730 1272 1825 1302 nohis.

1584 1330 1633 1350 ora
1656 1331 1708 1360 pro
1731 1321 1825 1352 nobis.

1583 1378 1632 1398 ora
1656 1379 1707 1408 pro
1730 1370 1825 1400 nobis.

311 1417 419 1448 Sancte
441 1418 538 1455 Petre,

311 1466 417 1497 Sancte
441 1466 540 1503 Paule,

311 1514 417 1546 Sancte
438 1516 565 1552 Andrea,

310 1563 415 1594 Sancte
436 1564 550 1601 Iacche,

310 1613 415 1643 Sancte
436 1612 571 1649 Ioannes,

311 1662 417 1691 Sancte
438 1662 560 1698 Thoma,

311 1710 415 1740 Sancte
437 1710 550 1746 Iacobo,

805 1428 854 1448 ora
879 1428 931 1458 pro
953 1420 1046 1449 nobis.

805 1477 853 1497 ora
878 1477 929 1507 pro
952 1469 1046 1498 nohis.

805 1525 854 1545 ora
879 1526 929 1556 pro
951 1517 1046 1547 nobis.

805 1573 854 1594 ora
878 1574 929 1603 pro
952 1565 1046 1595 nobis.

807 1622 858 1642 ora
882 1623 933 1652 pro
956 1614 1046 1643 nobis.

807 1671 855 1691 ora
880 1671 930 1700 pro
952 1663 1046 1692 nobis.

807 1720 857 1739 ora
882 1720 932 1749 pro
954 1712 1047 1741 nobis.

311 1759 417 1789 Sancte
439 1759 584 1798 Philippe,

311 1807 416 1837 Sancte
438 1807 669 1843 Bartholomaee,

311 1856 415 1886 Sancte
436 1856 590 1893 Manli-aee,

312 1905 416 1935 Sancte
437 1905 549 1941 Simon,

311 1955 416 1984 Sancte
437 1953 598 1987 Thaddaee,

311 2002 415 2032 Sancte
435 2002 550 2038 Mathia,

311 2051 415 2081 Sancte
438 2049 579 2083 Barnaba,

311 2100 415 2130 Sancte
437 2099 524 2135 Luca,

311 2147 417 2177 Sancte
439 2147 544 2184 Marce,

312 2196 418 2226 Omnes
450 2195 542 2225 sancti
580 2194 709 2233 Apostoli
741 2199 769 2224 ct

391 2244 604 2282 Evangelistae,
771 2249 851 2273 orate
875 2254 926 2283 pro
948 2245 1043 2276 nobis.

313 2292 419 2324 Omnes
440 2292 533 2322 sancti
558 2291 694 2330 discipuli
717 2291 770 2322 Do-

391 2341 475 2378 mini,
772 2345 852 2371 orate
875 2351 927 2381 pro
949 2343 1042 2372 nobis.

312 2390 420 2420 Omnes
441 2389 533 2419 sancti
555 2389 739 2426 InnocenteS,
773 2394 852 2419 orate
875 2399 926 2429 pro
948 2391 1042 2420 nobis.

802 2448 851 2468 ora
874 2448 926 2478 pro
949 2439 1041 2469 nohis.

804 2496 852 2516 ora
877 2497 927 2526 pro
949 2488 1042 2517 nubis.

802 2546 850 2565 01¹3
874 2546 925 2576 pro
948 2537 1041 2566 nobis.

800 2594 848 2614 ora
873 2594 924 2624 pro
948 2585 1042 2614 nobi&

313 2438 416 2468 Sancte
437 2437 599 2478 Stephane,

313 2486 416 2516 Sancte
438 2486 586 2523 Laurenti,

313 2536 416 2564 Sancte
434 2535 579 2571 Vincenti,

313 2583 417 2614 Sancte
439 2583 522 2613 Petre
545 2584 690 2621 paschasi,

807 1768 856 1788 ora
879 1769 930 1798 pro
952 1760 1047 1790 nobis.

1169 1463 1285 1493 Levitae
1295 1486 1302 1500 ,

1089 1510 1196 1541 Omnes
1233 1513 1324 1542 sancti

1170 1561 1324 1597 Eremitae,

1090 1608 1192 1638 Sancta
1216 1610 1304 1639 Maria
1328 1610 1507 1649 Magdalena,

1090 1658 1191 1687 Sancta
1215 1659 1323 1696 Agata,

1090 1706 1192 1736 Sancta
1217 1707 1314 1744 Lucia,

1090 1756 1192 1785 Sancta
1217 1757 1324 1793 Agnes,

1551 1469 1631 1495 orate
1656 1475 1706 1505 pro
1729 1467 1824 1497 nobis.

1358 1513 1489 1543 Monachi
1521 1518 1549 1543 et

1554 1567 1634 1592 orate
1657 1573 1708 1603 pro
1731 1564 1825 1594 nobis.

1585 1621 1634 1641 ora
1657 1622 1708 1651 pro
1729 1613 1824 1643 nobis.

1582 1669 1632 1689 ora
1655 1670 1706 1700 pro
1728 1661 1824 1691 nobis.

1582 1718 1630 1738 ora
1653 1719 1706 1748 pro
1728 1709 1823 1739 nobis.

1581 1767 1631 1786 ora
1654 1767 1705 1797 pro
1727 1759 1823 1789 nobis.

804 1817 853 1837 ora
878 1818 928 1847 pro
951 1809 1047 1839 nobis.

804 1866 853 1885 ora
879 1866 929 1895 pro
952 1857 1046 1888 nobis.

804 1914 852 1934 nra
877 1915 928 1945 pro
952 1906 1045 1937 nobis.

805 1962 853 1982 ora
878 1964 929 1993 pro
952 1955 1045 1985 nobis.

808 2011 857 2030 ora
881 2011 932 2041 pro
955 2003 1046 2033 nobis

803 2059 851 2079 ora
876 2060 927 2089 pro
950 2052 1044 2081 nobis.

805 2107 854 2127 ora
878 2108 928 2137 pro
951 2100 1044 2130 nobis.

801 2155 851 2175 ora
875 2156 927 2185 pro
950 2148 1043 2178 nobis.

1090 1805 1193 1834 Sancta
1216 1806 1350 1841 Caecilia,

1090 1855 1191 1884 Sancta
1215 1854 1380 1890 Catharina,

1090 1904 1191 1932 Sancta
1216 1903 1380 1937 Anastasia,

1089 1953 1196 1980 Omnes
1218 1956 1334 1981 sanctae
1358 1951 1492 1990 Virgines
1519 1955 1550 1980 et

1168 2000 1298 2037 viduae,
1547 2004 1629 2030 orate
1653 2010 1703 2039 pro
1726 2001 1820 2031 nobis.

1088 2047 1195 2077 Omnes
1235 2048 1329 2077 sancti
1367 2052 1395 2078 et
1429 2052 1546 2078 sanctae

1186 2097 1247 2134 Dei,
1458 2097 1629 2126 intercedite
1651 2106 1703 2136 pro
1725 2097 1820 2127 nobis.

1089 2145 1234 2184 Propitius
1256 2150 1329 2183 esto,

1088 2243 1122 2272 t‘t
1159 2242 1342 2280 regularibus
1380 2243 1544 2281 disciplinis

1165 2300 1216 2321 nos
1256 2291 1402 2321 instruere
1443 2292 1544 2330 digne-

1166 2340 1216 2376 ris,

1087 2389 1120 2419 [t
1145 2394 1326 2429 praesentem
1342 2390 1460 2420 fratrem
1477 2399 1545 2420 con-

1165 2447 1282 2467 servare
1304 2442 1331 2468 et
1354 2438 1474 2468 visitare
1501 2438 1543 2469 di-

1164 2487 1275 2524 gneris,

1088 2535 1122 2565 t't
1143 2540 1282 2565 statutum
1307 2540 1436 2565 nostrum
1460 2536 1544 2566 robo-

1166 2594 1229 2614 rare
1252 2586 1391 2623 digneris,
1461 2590 1487 2615 te
1510 2595 1655 2624 rogamus,
1674 2586 1738 2615 andi
1756 2594 1816 2615 nos.

1582 1815 1630 1835 ora
1655 1815 1705 1846 pro
1727 1807 1823 1837 nobis.

1582 1863 1631 1883 ora
1653 1864 1704 1894 pro
1728 1855 1822 1885 nobis.

1581 1912 1630 1931 ora
1654 1912 1705 1942 pro
1727 1903 1821 1933 nobis.

1477 2155 1562 2184 parce
1586 2146 1668 2175 nobis
1690 2146 1819 2176 Domine.

1088 2195 1106 2222 Α
1125 2194 1311 2223 damnatione
1328 2196 1478 2233 perpetua,
1502 2194 1592 2224 libera
1616 2204 1668 2224 nos
1689 2195 1819 2225 Domine.

1459 2345 1485 2369 te
1508 2349 1655 2378 rogamus,
1673 2341 1739 2371 audi
1756 2351 1818 2371 nos.

1461 2491 1487 2517 te
1509 2496 1656 2526 rogamnS,
1673 2487 1738 2517 andi
1755 2497 1817 2518 nos.

1832 200 1879 226 An.
1898 199 1924 225 (ἶ.
1950 199 2010 227 teat
