<?xml version="1.0" encoding="UTF-8"?>
<!DOCTYPE html PUBLIC "-//W3C//DTD XHTML 1.0 Transitional//EN"
    "http://www.w3.org/TR/xhtml1/DTD/xhtml1-transitional.dtd">
<html xmlns="http://www.w3.org/1999/xhtml" xml:lang="en" lang="en">
 <head>
  <title>
</title>
<meta http-equiv="Content-Type" content="text/html;charset=utf-8" />
  <meta name='ocr-system' content='tesseract 3.04.00' />
  <meta name='ocr-capabilities' content='ocr_page ocr_carea ocr_par ocr_line ocrx_word'/>
</head>
<body>
  <div class='ocr_page' id='page_1' title='image "./bullarumdiplomat20cath_0482.png"; bbox 0 0 2254 3225; ppageno 0'>
   <div class='ocr_carea' id='block_1_1' title="bbox 227 125 523 162">
    <p class='ocr_par' dir='ltr' id='par_1_1' title="bbox 227 125 523 162">
     <span class='ocr_line' id='line_1_1' title="bbox 227 125 523 162; baseline -0.01 -2"><span class='ocrx_word' id='word_1_1' title='bbox 227 142 274 162; x_wconf 60' lang='lat' dir='ltr'>nn.</span> <span class='ocrx_word' id='word_1_2' title='bbox 295 134 324 160; x_wconf 83' lang='lat' dir='ltr'>c.</span> <span class='ocrx_word' id='word_1_3' title='bbox 349 134 413 160; x_wconf 57' lang='grc' dir='ltr'>ποθὶ</span> <span class='ocrx_word' id='word_1_4' title='bbox 460 125 523 158; x_wconf 64' lang='grc'>416</span> 
     </span>
    </p>
   </div>
   <div class='ocr_carea' id='block_1_2' title="bbox 222 1679 404 1753">
    <p class='ocr_par' dir='ltr' id='par_1_2' title="bbox 222 1679 404 1753">
     <span class='ocr_line' id='line_1_2' title="bbox 242 1679 404 1699; baseline 0 0"><span class='ocrx_word' id='word_1_5' title='bbox 242 1679 350 1699; x_wconf 63' lang='lat' dir='ltr'>Der-retum</span> <span class='ocrx_word' id='word_1_6' title='bbox 360 1683 404 1699; x_wconf 60' lang='lat' dir='ltr'>car-</span> 
     </span>
     <span class='ocr_line' id='line_1_3' title="bbox 222 1706 404 1732; baseline 0.011 -8"><span class='ocrx_word' id='word_1_7' title='bbox 222 1706 300 1725; x_wconf 56' lang='lat' dir='ltr'>stimulis</span> <span class='ocrx_word' id='word_1_8' title='bbox 334 1709 404 1732; x_wconf 71' lang='lat' dir='ltr'>prule·</span> 
     </span>
     <span class='ocr_line' id='line_1_4' title="bbox 222 1735 295 1753; baseline 0.014 -1"><span class='ocrx_word' id='word_1_9' title='bbox 222 1735 295 1753; x_wconf 66' lang='lat' dir='ltr'>[tofis.</span> 
     </span>
    </p>
   </div>
   <div class='ocr_carea' id='block_1_3' title="bbox 412 181 1156 2453">
    <p class='ocr_par' dir='ltr' id='par_1_3' title="bbox 414 181 1156 1649">
     <span class='ocr_line' id='line_1_5' title="bbox 418 181 1152 225; baseline -0.001 -11"><span class='ocrx_word' id='word_1_10' title='bbox 418 182 552 222; x_wconf 64' lang='lat' dir='ltr'>tietuini,</span> <span class='ocrx_word' id='word_1_11' title='bbox 578 192 635 214; x_wconf 86' lang='lat' dir='ltr'>seu</span> <span class='ocrx_word' id='word_1_12' title='bbox 660 181 902 225; x_wconf 82' lang='lat' dir='ltr'>provinciarum</span> <span class='ocrx_word' id='word_1_13' title='bbox 930 181 1079 215; x_wconf 82' lang='lat' dir='ltr'>ssarensis</span> <span class='ocrx_word' id='word_1_14' title='bbox 1097 182 1152 214; x_wconf 87' lang='lat' dir='ltr'>sei-</span> 
     </span>
     <span class='ocr_line' id='line_1_6' title="bbox 417 234 1153 278; baseline 0.001 -11"><span class='ocrx_word' id='word_1_15' title='bbox 417 235 494 269; x_wconf 87' lang='lat' dir='ltr'>licet</span> <span class='ocrx_word' id='word_1_16' title='bbox 519 240 551 267; x_wconf 85' lang='lat' dir='ltr'>et</span> <span class='ocrx_word' id='word_1_17' title='bbox 573 234 744 275; x_wconf 78' lang='lat' dir='ltr'>Liciensis3</span> <span class='ocrx_word' id='word_1_18' title='bbox 770 235 845 268; x_wconf 84' lang='lat' dir='ltr'>ideo</span> <span class='ocrx_word' id='word_1_19' title='bbox 864 240 977 268; x_wconf 89' lang='lat' dir='ltr'>tenore</span> <span class='ocrx_word' id='word_1_20' title='bbox 1002 242 1153 278; x_wconf 84' lang='lat' dir='ltr'>praesen-</span> 
     </span>
     <span class='ocr_line' id='line_1_7' title="bbox 419 288 1153 331; baseline 0.001 -12"><span class='ocrx_word' id='word_1_21' title='bbox 419 288 497 320; x_wconf 79' lang='lat' dir='ltr'>tium</span> <span class='ocrx_word' id='word_1_22' title='bbox 524 289 699 331; x_wconf 74' lang='lat' dir='ltr'>praefatam</span> <span class='ocrx_word' id='word_1_23' title='bbox 732 288 965 328; x_wconf 84' lang='lat' dir='ltr'>alternativam,</span> <span class='ocrx_word' id='word_1_24' title='bbox 991 293 1089 331; x_wconf 86' lang='lat' dir='ltr'>prout</span> <span class='ocrx_word' id='word_1_25' title='bbox 1119 289 1153 320; x_wconf 90' lang='lat' dir='ltr'>in</span> 
     </span>
     <span class='ocr_line' id='line_1_8' title="bbox 419 341 1155 384; baseline 0.001 -11"><span class='ocrx_word' id='word_1_26' title='bbox 419 341 505 374; x_wconf 87' lang='lat' dir='ltr'>dicto</span> <span class='ocrx_word' id='word_1_27' title='bbox 530 341 744 374; x_wconf 85' lang='lat' dir='ltr'>instrumento</span> <span class='ocrx_word' id='word_1_28' title='bbox 768 341 852 373; x_wconf 83' lang='lat' dir='ltr'>iacet</span> <span class='ocrx_word' id='word_1_29' title='bbox 876 346 1041 374; x_wconf 74' lang='lat' dir='ltr'>extensam</span> <span class='ocrx_word' id='word_1_30' title='bbox 1065 352 1155 384; x_wconf 87' lang='lat' dir='ltr'>prae-</span> 
     </span>
     <span class='ocr_line' id='line_1_9' title="bbox 419 394 1155 436; baseline 0.003 -11"><span class='ocrx_word' id='word_1_31' title='bbox 419 394 556 436; x_wconf 77' lang='lat' dir='ltr'>figimus,</span> <span class='ocrx_word' id='word_1_32' title='bbox 582 395 762 427; x_wconf 69' lang='lat' dir='ltr'>stabilimus</span> <span class='ocrx_word' id='word_1_33' title='bbox 787 399 818 427; x_wconf 83' lang='lat' dir='ltr'>et</span> <span class='ocrx_word' id='word_1_34' title='bbox 834 394 1061 427; x_wconf 82' lang='lat' dir='ltr'>confirmamus</span> <span class='ocrx_word' id='word_1_35' title='bbox 1080 399 1155 427; x_wconf 88' lang='lat' dir='ltr'>tam-</span> 
     </span>
     <span class='ocr_line' id='line_1_10' title="bbox 420 447 1153 490; baseline 0.001 -11"><span class='ocrx_word' id='word_1_36' title='bbox 420 458 514 490; x_wconf 72' lang='lat' dir='ltr'>quam</span> <span class='ocrx_word' id='word_1_37' title='bbox 551 447 796 487; x_wconf 74' lang='lat' dir='ltr'>rationabilem,</span> <span class='ocrx_word' id='word_1_38' title='bbox 837 453 933 490; x_wconf 83' lang='lat' dir='ltr'>atque</span> <span class='ocrx_word' id='word_1_39' title='bbox 976 448 1153 481; x_wconf 87' lang='lat' dir='ltr'>secundum</span> 
     </span>
     <span class='ocr_line' id='line_1_11' title="bbox 419 500 1156 543; baseline 0.001 -11"><span class='ocrx_word' id='word_1_40' title='bbox 419 501 558 534; x_wconf 85' lang='lat' dir='ltr'>iustitiae</span> <span class='ocrx_word' id='word_1_41' title='bbox 577 500 802 534; x_wconf 73' lang='lat' dir='ltr'>distributivae</span> <span class='ocrx_word' id='word_1_42' title='bbox 822 500 1069 543; x_wconf 86' lang='lat' dir='ltr'>praescriptum,</span> <span class='ocrx_word' id='word_1_43' title='bbox 1089 511 1156 533; x_wconf 88' lang='lat' dir='ltr'>ma-</span> 
     </span>
     <span class='ocr_line' id='line_1_12' title="bbox 419 553 1154 596; baseline 0 -10"><span class='ocrx_word' id='word_1_44' title='bbox 419 554 546 596; x_wconf 81' lang='lat' dir='ltr'>iorique</span> <span class='ocrx_word' id='word_1_45' title='bbox 560 553 647 596; x_wconf 80' lang='lat' dir='ltr'>pacis</span> <span class='ocrx_word' id='word_1_46' title='bbox 661 563 697 585; x_wconf 89' lang='lat' dir='ltr'>ac</span> <span class='ocrx_word' id='word_1_47' title='bbox 722 553 963 595; x_wconf 74' lang='lat' dir='ltr'>tranquillitatis</span> <span class='ocrx_word' id='word_1_48' title='bbox 980 557 1154 595; x_wconf 83' lang='lat' dir='ltr'>augmento</span> 
     </span>
     <span class='ocr_line' id='line_1_13' title="bbox 419 605 1155 648; baseline 0 -10"><span class='ocrx_word' id='word_1_49' title='bbox 419 605 670 647; x_wconf 73' lang='lat' dir='ltr'>accomodatam,</span> <span class='ocrx_word' id='word_1_50' title='bbox 696 615 756 639; x_wconf 86' lang='lat' dir='ltr'>nee</span> <span class='ocrx_word' id='word_1_51' title='bbox 776 615 842 639; x_wconf 86' lang='lat' dir='ltr'>non</span> <span class='ocrx_word' id='word_1_52' title='bbox 867 605 973 646; x_wconf 82' lang='lat' dir='ltr'>fixam,</span> <span class='ocrx_word' id='word_1_53' title='bbox 995 605 1155 648; x_wconf 84' lang='lat' dir='ltr'>approba-</span> 
     </span>
     <span class='ocr_line' id='line_1_14' title="bbox 419 658 1154 700; baseline -0.001 -8"><span class='ocrx_word' id='word_1_54' title='bbox 419 666 483 692; x_wconf 86' lang='lat' dir='ltr'>tam</span> <span class='ocrx_word' id='word_1_55' title='bbox 517 665 549 692; x_wconf 86' lang='lat' dir='ltr'>et</span> <span class='ocrx_word' id='word_1_56' title='bbox 585 658 805 692; x_wconf 77' lang='lat' dir='ltr'>confirmatam</span> <span class='ocrx_word' id='word_1_57' title='bbox 837 659 1043 700; x_wconf 87' lang='lat' dir='ltr'>conditione,</span> <span class='ocrx_word' id='word_1_58' title='bbox 1069 659 1154 692; x_wconf 87' lang='lat' dir='ltr'>serie</span> 
     </span>
     <span class='ocr_line' id='line_1_15' title="bbox 420 712 1154 754; baseline 0 -9"><span class='ocrx_word' id='word_1_59' title='bbox 420 718 452 745; x_wconf 90' lang='lat' dir='ltr'>ct</span> <span class='ocrx_word' id='word_1_60' title='bbox 484 712 600 745; x_wconf 88' lang='lat' dir='ltr'>ordine</span> <span class='ocrx_word' id='word_1_61' title='bbox 635 712 785 754; x_wconf 83' lang='lat' dir='ltr'>superius</span> <span class='ocrx_word' id='word_1_62' title='bbox 818 722 970 754; x_wconf 84' lang='lat' dir='ltr'>expresso</span> <span class='ocrx_word' id='word_1_63' title='bbox 1005 712 1154 745; x_wconf 85' lang='lat' dir='ltr'>volumus</span> 
     </span>
     <span class='ocr_line' id='line_1_16' title="bbox 418 764 1153 808; baseline 0.001 -10"><span class='ocrx_word' id='word_1_64' title='bbox 418 765 534 798; x_wconf 82' lang='lat' dir='ltr'>haberi</span> <span class='ocrx_word' id='word_1_65' title='bbox 560 765 599 798; x_wconf 89' lang='lat' dir='ltr'>ab</span> <span class='ocrx_word' id='word_1_66' title='bbox 624 764 774 798; x_wconf 88' lang='lat' dir='ltr'>omnibus</span> <span class='ocrx_word' id='word_1_67' title='bbox 793 765 939 798; x_wconf 84' lang='lat' dir='ltr'>eiusdem</span> <span class='ocrx_word' id='word_1_68' title='bbox 956 765 1153 808; x_wconf 82' lang='lat' dir='ltr'>provinciae,</span> 
     </span>
     <span class='ocr_line' id='line_1_17' title="bbox 418 817 1155 861; baseline 0.001 -11"><span class='ocrx_word' id='word_1_69' title='bbox 418 823 480 851; x_wconf 83' lang='lat' dir='ltr'>tarn</span> <span class='ocrx_word' id='word_1_70' title='bbox 504 817 734 861; x_wconf 86' lang='lat' dir='ltr'>superioribus,</span> <span class='ocrx_word' id='word_1_71' title='bbox 757 828 852 861; x_wconf 79' lang='lat' dir='ltr'>quani</span> <span class='ocrx_word' id='word_1_72' title='bbox 878 818 1035 859; x_wconf 77' lang='lat' dir='ltr'>subditis3</span> <span class='ocrx_word' id='word_1_73' title='bbox 1060 829 1155 861; x_wconf 84' lang='lat' dir='ltr'>prae-</span> 
     </span>
     <span class='ocr_line' id='line_1_18' title="bbox 419 870 1154 914; baseline 0.003 -11"><span class='ocrx_word' id='word_1_74' title='bbox 419 871 577 914; x_wconf 83' lang='lat' dir='ltr'>cipientes</span> <span class='ocrx_word' id='word_1_75' title='bbox 603 870 634 903; x_wconf 93' lang='lat' dir='ltr'>in</span> <span class='ocrx_word' id='word_1_76' title='bbox 659 871 776 904; x_wconf 85' lang='lat' dir='ltr'>virtute</span> <span class='ocrx_word' id='word_1_77' title='bbox 794 876 922 904; x_wconf 87' lang='lat' dir='ltr'>sanctae</span> <span class='ocrx_word' id='word_1_78' title='bbox 948 870 1154 905; x_wconf 78' lang='lat' dir='ltr'>obedientiae</span> 
     </span>
     <span class='ocr_line' id='line_1_19' title="bbox 419 923 1156 967; baseline 0.001 -11"><span class='ocrx_word' id='word_1_79' title='bbox 419 929 452 956; x_wconf 88' lang='lat' dir='ltr'>et</span> <span class='ocrx_word' id='word_1_80' title='bbox 475 925 534 956; x_wconf 91' lang='lat' dir='ltr'>sub</span> <span class='ocrx_word' id='word_1_81' title='bbox 570 923 687 967; x_wconf 86' lang='lat' dir='ltr'>poenis</span> <span class='ocrx_word' id='word_1_82' title='bbox 720 928 831 956; x_wconf 88' lang='lat' dir='ltr'>contra</span> <span class='ocrx_word' id='word_1_83' title='bbox 862 924 1088 957; x_wconf 80' lang='lat' dir='ltr'>inobedientes</span> <span class='ocrx_word' id='word_1_84' title='bbox 1124 930 1156 958; x_wconf 85' lang='lat' dir='ltr'>et</span> 
     </span>
     <span class='ocr_line' id='line_1_20' title="bbox 418 976 1154 1018; baseline 0 -9"><span class='ocrx_word' id='word_1_85' title='bbox 418 977 559 1010; x_wconf 75' lang='lat' dir='ltr'>rebelles</span> <span class='ocrx_word' id='word_1_86' title='bbox 577 987 594 1009; x_wconf 90' lang='lat' dir='ltr'>a</span> <span class='ocrx_word' id='word_1_87' title='bbox 614 976 740 1018; x_wconf 81' lang='lat' dir='ltr'>legibus</span> <span class='ocrx_word' id='word_1_88' title='bbox 758 976 882 1017; x_wconf 71' lang='lat' dir='ltr'>taxatis,</span> <span class='ocrx_word' id='word_1_89' title='bbox 900 982 932 1010; x_wconf 90' lang='lat' dir='ltr'>et</span> <span class='ocrx_word' id='word_1_90' title='bbox 951 976 983 1010; x_wconf 90' lang='lat' dir='ltr'>in</span> <span class='ocrx_word' id='word_1_91' title='bbox 1003 977 1154 1010; x_wconf 88' lang='lat' dir='ltr'>omnibus</span> 
     </span>
     <span class='ocr_line' id='line_1_21' title="bbox 418 1031 1154 1074; baseline 0.003 -11"><span class='ocrx_word' id='word_1_92' title='bbox 418 1031 581 1074; x_wconf 88' lang='lat' dir='ltr'>capitulis,</span> <span class='ocrx_word' id='word_1_93' title='bbox 606 1031 916 1073; x_wconf 70' lang='lat' dir='ltr'>congregationibus</span> <span class='ocrx_word' id='word_1_94' title='bbox 946 1036 978 1064; x_wconf 86' lang='lat' dir='ltr'>et</span> <span class='ocrx_word' id='word_1_95' title='bbox 1001 1041 1154 1074; x_wconf 82' lang='lat' dir='ltr'>congres-</span> 
     </span>
     <span class='ocr_line' id='line_1_22' title="bbox 418 1083 1154 1128; baseline 0.001 -11"><span class='ocrx_word' id='word_1_96' title='bbox 418 1085 508 1117; x_wconf 84' lang='lat' dir='ltr'>sibus</span> <span class='ocrx_word' id='word_1_97' title='bbox 532 1084 564 1116; x_wconf 91' lang='lat' dir='ltr'>in</span> <span class='ocrx_word' id='word_1_98' title='bbox 589 1089 758 1127; x_wconf 86' lang='lat' dir='ltr'>posterum</span> <span class='ocrx_word' id='word_1_99' title='bbox 774 1083 943 1124; x_wconf 83' lang='lat' dir='ltr'>faciendis,</span> <span class='ocrx_word' id='word_1_100' title='bbox 963 1094 1047 1128; x_wconf 87' lang='lat' dir='ltr'>quae</span> <span class='ocrx_word' id='word_1_101' title='bbox 1066 1085 1098 1117; x_wconf 91' lang='lat' dir='ltr'>in</span> <span class='ocrx_word' id='word_1_102' title='bbox 1117 1086 1154 1118; x_wconf 73' lang='lat' dir='ltr'>ea</span> 
     </span>
     <span class='ocr_line' id='line_1_23' title="bbox 417 1137 1155 1182; baseline -0.001 -11"><span class='ocrx_word' id='word_1_103' title='bbox 417 1137 616 1182; x_wconf 85' lang='lat' dir='ltr'>praescripta</span> <span class='ocrx_word' id='word_1_104' title='bbox 656 1142 730 1171; x_wconf 85' lang='lat' dir='ltr'>sunt</span> <span class='ocrx_word' id='word_1_105' title='bbox 771 1147 884 1171; x_wconf 87' lang='lat' dir='ltr'>omnes</span> <span class='ocrx_word' id='word_1_106' title='bbox 921 1137 1155 1171; x_wconf 84' lang='lat' dir='ltr'>inviolabiliter</span> 
     </span>
     <span class='ocr_line' id='line_1_24' title="bbox 417 1191 1154 1235; baseline 0.001 -11"><span class='ocrx_word' id='word_1_107' title='bbox 417 1191 600 1231; x_wconf 78' lang='lat' dir='ltr'>observent,</span> <span class='ocrx_word' id='word_1_108' title='bbox 626 1200 688 1224; x_wconf 88' lang='lat' dir='ltr'>nec</span> <span class='ocrx_word' id='word_1_109' title='bbox 713 1195 825 1225; x_wconf 89' lang='lat' dir='ltr'>eontra</span> <span class='ocrx_word' id='word_1_110' title='bbox 850 1191 995 1234; x_wconf 83' lang='lat' dir='ltr'>praefata</span> <span class='ocrx_word' id='word_1_111' title='bbox 1030 1192 1154 1235; x_wconf 86' lang='lat' dir='ltr'>aliquid</span> 
     </span>
     <span class='ocr_line' id='line_1_25' title="bbox 417 1245 1155 1288; baseline 0 -10"><span class='ocrx_word' id='word_1_112' title='bbox 417 1250 577 1278; x_wconf 86' lang='lat' dir='ltr'>attentare</span> <span class='ocrx_word' id='word_1_113' title='bbox 592 1248 809 1288; x_wconf 86' lang='lat' dir='ltr'>praesumant,</span> <span class='ocrx_word' id='word_1_114' title='bbox 828 1246 887 1278; x_wconf 90' lang='lat' dir='ltr'>sub</span> <span class='ocrx_word' id='word_1_115' title='bbox 905 1245 1011 1288; x_wconf 70' lang='lat' dir='ltr'>poena</span> <span class='ocrx_word' id='word_1_116' title='bbox 1028 1256 1155 1279; x_wconf 82' lang='lat' dir='ltr'>excom-</span> 
     </span>
     <span class='ocr_line' id='line_1_26' title="bbox 416 1297 1154 1341; baseline 0.001 -11"><span class='ocrx_word' id='word_1_117' title='bbox 416 1297 641 1330; x_wconf 87' lang='lat' dir='ltr'>municationis</span> <span class='ocrx_word' id='word_1_118' title='bbox 665 1297 735 1341; x_wconf 87' lang='lat' dir='ltr'>ipso</span> <span class='ocrx_word' id='word_1_119' title='bbox 760 1298 842 1331; x_wconf 82' lang='lat' dir='ltr'>sacto</span> <span class='ocrx_word' id='word_1_120' title='bbox 867 1297 1070 1331; x_wconf 71' lang='lat' dir='ltr'>incurrentia.</span> <span class='ocrx_word' id='word_1_121' title='bbox 1094 1298 1154 1331; x_wconf 82' lang='lat' dir='ltr'>Da-</span> 
     </span>
     <span class='ocr_line' id='line_1_27' title="bbox 418 1350 1152 1384; baseline 0.001 -1"><span class='ocrx_word' id='word_1_122' title='bbox 418 1356 483 1383; x_wconf 90' lang='lat' dir='ltr'>tum</span> <span class='ocrx_word' id='word_1_123' title='bbox 500 1360 538 1383; x_wconf 82' lang='lat' dir='ltr'>ex</span> <span class='ocrx_word' id='word_1_124' title='bbox 555 1356 669 1384; x_wconf 86' lang='lat' dir='ltr'>nostro</span> <span class='ocrx_word' id='word_1_125' title='bbox 688 1350 911 1384; x_wconf 79' lang='lat' dir='ltr'>Aracaelitano</span> <span class='ocrx_word' id='word_1_126' title='bbox 936 1356 1095 1383; x_wconf 86' lang='lat' dir='ltr'>conventu</span> <span class='ocrx_word' id='word_1_127' title='bbox 1114 1351 1152 1384; x_wconf 82' lang='lat' dir='ltr'>de</span> 
     </span>
     <span class='ocr_line' id='line_1_28' title="bbox 416 1402 1152 1445; baseline 0.003 -11"><span class='ocrx_word' id='word_1_128' title='bbox 416 1402 501 1435; x_wconf 83' lang='lat' dir='ltr'>Urbe</span> <span class='ocrx_word' id='word_1_129' title='bbox 516 1402 576 1435; x_wconf 87' lang='lat' dir='ltr'>hac</span> <span class='ocrx_word' id='word_1_130' title='bbox 590 1402 641 1435; x_wconf 90' lang='lat' dir='ltr'>die</span> <span class='ocrx_word' id='word_1_131' title='bbox 653 1412 725 1435; x_wconf 80' lang='lat' dir='ltr'>xxvi</span> <span class='ocrx_word' id='word_1_132' title='bbox 750 1402 862 1445; x_wconf 86' lang='lat' dir='ltr'>aprilis</span> <span class='ocrx_word' id='word_1_133' title='bbox 886 1412 1003 1436; x_wconf 71' lang='lat' dir='ltr'>mccxc.</span> <span class='ocrx_word' id='word_1_134' title='bbox 1018 1423 1062 1428; x_wconf 93' lang='lat'>—</span> <span class='ocrx_word' id='word_1_135' title='bbox 1081 1403 1152 1437; x_wconf 77' lang='lat' dir='ltr'>Fra-</span> 
     </span>
     <span class='ocr_line' id='line_1_29' title="bbox 415 1455 1151 1491; baseline 0.003 -3"><span class='ocrx_word' id='word_1_136' title='bbox 415 1460 466 1489; x_wconf 89' lang='lat' dir='ltr'>ter</span> <span class='ocrx_word' id='word_1_137' title='bbox 482 1455 626 1489; x_wconf 72' lang='lat' dir='ltr'><strong>CAROLL&#39;S</strong></span> <span class='ocrx_word' id='word_1_138' title='bbox 648 1455 843 1489; x_wconf 62' lang='lat' dir='ltr'>FRAMisct&#39;s</span> <span class='ocrx_word' id='word_1_139' title='bbox 859 1456 899 1489; x_wconf 90' lang='lat' dir='ltr'>de</span> <span class='ocrx_word' id='word_1_140' title='bbox 917 1456 1046 1490; x_wconf 87' lang='lat' dir='ltr'>Varesio</span> <span class='ocrx_word' id='word_1_141' title='bbox 1064 1467 1151 1491; x_wconf 80' lang='lat' dir='ltr'>eoin-</span> 
     </span>
     <span class='ocr_line' id='line_1_30' title="bbox 414 1508 1150 1552; baseline 0.003 -10"><span class='ocrx_word' id='word_1_142' title='bbox 414 1509 584 1542; x_wconf 82' lang='lat' dir='ltr'>missarius</span> <span class='ocrx_word' id='word_1_143' title='bbox 616 1508 798 1552; x_wconf 82' lang='lat' dir='ltr'>generalis:</span> <span class='ocrx_word' id='word_1_144' title='bbox 826 1509 865 1542; x_wconf 87' lang='lat' dir='ltr'>de</span> <span class='ocrx_word' id='word_1_145' title='bbox 898 1510 1050 1544; x_wconf 85' lang='lat' dir='ltr'>mandato</span> <span class='ocrx_word' id='word_1_146' title='bbox 1072 1520 1150 1544; x_wconf 85' lang='lat' dir='ltr'>suae</span> 
     </span>
     <span class='ocr_line' id='line_1_31' title="bbox 415 1561 1150 1606; baseline 0.003 -11"><span class='ocrx_word' id='word_1_147' title='bbox 415 1561 618 1606; x_wconf 82' lang='lat' dir='ltr'>paternitatis</span> <span class='ocrx_word' id='word_1_148' title='bbox 647 1562 956 1603; x_wconf 76' lang='lat' dir='ltr'>reverendissimae,</span> <span class='ocrx_word' id='word_1_149' title='bbox 992 1563 1029 1596; x_wconf 84' lang='lat' dir='ltr'>fr.</span> <span class='ocrx_word' id='word_1_150' title='bbox 1056 1563 1150 1597; x_wconf 64' lang='lat' dir='ltr'>Inno-</span> 
     </span>
     <span class='ocr_line' id='line_1_32' title="bbox 417 1613 1041 1649; baseline 0 0"><span class='ocrx_word' id='word_1_151' title='bbox 417 1624 550 1649; x_wconf 76' lang='lat' dir='ltr'>CENTms</span> <span class='ocrx_word' id='word_1_152' title='bbox 573 1615 618 1648; x_wconf 79' lang='lat' dir='ltr'>DE</span> <span class='ocrx_word' id='word_1_153' title='bbox 638 1613 765 1648; x_wconf 68' lang='lat' dir='ltr'>Cmpms</span> <span class='ocrx_word' id='word_1_154' title='bbox 789 1616 985 1649; x_wconf 85' lang='lat' dir='ltr'>secretarius</span> <span class='ocrx_word' id='word_1_155' title='bbox 1035 1642 1041 1649; x_wconf 94' lang='lat'><strong>.</strong></span> 
     </span>
    </p>

    <p class='ocr_par' dir='ltr' id='par_1_4' title="bbox 412 1668 1149 2453">
     <span class='ocr_line' id='line_1_33' title="bbox 460 1668 1143 1704; baseline 0.006 -4"><span class='ocrx_word' id='word_1_156' title='bbox 460 1669 503 1700; x_wconf 85' lang='lat' dir='ltr'>Ac</span> <span class='ocrx_word' id='word_1_157' title='bbox 528 1668 655 1702; x_wconf 87' lang='lat' dir='ltr'>demum</span> <span class='ocrx_word' id='word_1_158' title='bbox 687 1668 883 1702; x_wconf 86' lang='lat' dir='ltr'>venerabilis</span> <span class='ocrx_word' id='word_1_159' title='bbox 917 1669 1017 1702; x_wconf 89' lang='lat' dir='ltr'>frater</span> <span class='ocrx_word' id='word_1_160' title='bbox 1032 1673 1143 1704; x_wconf 90' lang='lat' dir='ltr'>nostro</span> 
     </span>
     <span class='ocr_line' id='line_1_34' title="bbox 415 1721 1146 1764; baseline 0.001 -10"><span class='ocrx_word' id='word_1_161' title='bbox 415 1722 594 1756; x_wconf 84' lang='lat' dir='ltr'>Alderanus</span> <span class='ocrx_word' id='word_1_162' title='bbox 619 1721 791 1764; x_wconf 84' lang='lat' dir='ltr'>episcopus</span> <span class='ocrx_word' id='word_1_163' title='bbox 815 1721 972 1755; x_wconf 80' lang='lat' dir='ltr'>Ostiensis</span> <span class='ocrx_word' id='word_1_164' title='bbox 998 1722 1028 1755; x_wconf 88' lang='lat' dir='ltr'>S.</span> <span class='ocrx_word' id='word_1_165' title='bbox 1051 1722 1089 1755; x_wconf 74' lang='lat' dir='ltr'>R.</span> <span class='ocrx_word' id='word_1_166' title='bbox 1112 1722 1146 1755; x_wconf 86' lang='lat' dir='ltr'>E.</span> 
     </span>
     <span class='ocr_line' id='line_1_35' title="bbox 414 1773 1149 1817; baseline 0.001 -10"><span class='ocrx_word' id='word_1_167' title='bbox 414 1773 586 1807; x_wconf 88' lang='lat' dir='ltr'>cardinalis</span> <span class='ocrx_word' id='word_1_168' title='bbox 610 1773 694 1817; x_wconf 73' lang='lat' dir='ltr'>Cybo</span> <span class='ocrx_word' id='word_1_169' title='bbox 718 1779 932 1817; x_wconf 80' lang='lat' dir='ltr'>nuncupatus,</span> <span class='ocrx_word' id='word_1_170' title='bbox 958 1775 1034 1807; x_wconf 87' lang='lat' dir='ltr'>dicti</span> <span class='ocrx_word' id='word_1_171' title='bbox 1059 1774 1149 1808; x_wconf 84' lang='lat' dir='ltr'>Ordi-</span> 
     </span>
     <span class='ocr_line' id='line_1_36' title="bbox 414 1827 1147 1871; baseline 0.003 -12"><span class='ocrx_word' id='word_1_172' title='bbox 414 1827 464 1860; x_wconf 87' lang='lat' dir='ltr'>nis</span> <span class='ocrx_word' id='word_1_173' title='bbox 497 1827 583 1871; x_wconf 88' lang='lat' dir='ltr'>apud</span> <span class='ocrx_word' id='word_1_174' title='bbox 618 1837 678 1860; x_wconf 88' lang='lat' dir='ltr'>nos</span> <span class='ocrx_word' id='word_1_175' title='bbox 711 1833 743 1860; x_wconf 93' lang='lat' dir='ltr'>et</span> <span class='ocrx_word' id='word_1_176' title='bbox 783 1827 899 1860; x_wconf 86' lang='lat' dir='ltr'>Sedem</span> <span class='ocrx_word' id='word_1_177' title='bbox 929 1828 1147 1871; x_wconf 78' lang='lat' dir='ltr'>Apostolieani</span> 
     </span>
     <span class='ocr_line' id='line_1_37' title="bbox 413 1881 1147 1924; baseline 0.001 -12"><span class='ocrx_word' id='word_1_178' title='bbox 413 1884 601 1923; x_wconf 86' lang='lat' dir='ltr'>protector,</span> <span class='ocrx_word' id='word_1_179' title='bbox 631 1891 721 1913; x_wconf 85' lang='lat' dir='ltr'>suum</span> <span class='ocrx_word' id='word_1_180' title='bbox 746 1890 878 1924; x_wconf 83' lang='lat' dir='ltr'>quoque</span> <span class='ocrx_word' id='word_1_181' title='bbox 903 1881 1070 1914; x_wconf 85' lang='lat' dir='ltr'>decretum</span> <span class='ocrx_word' id='word_1_182' title='bbox 1096 1892 1147 1913; x_wconf 87' lang='lat' dir='ltr'>su-</span> 
     </span>
     <span class='ocr_line' id='line_1_38' title="bbox 413 1932 1148 1977; baseline 0.001 -12"><span class='ocrx_word' id='word_1_183' title='bbox 413 1943 471 1977; x_wconf 88' lang='lat' dir='ltr'>per</span> <span class='ocrx_word' id='word_1_184' title='bbox 495 1932 681 1976; x_wconf 83' lang='lat' dir='ltr'>praemissis</span> <span class='ocrx_word' id='word_1_185' title='bbox 707 1933 810 1965; x_wconf 82' lang='lat' dir='ltr'>edidit</span> <span class='ocrx_word' id='word_1_186' title='bbox 831 1933 951 1966; x_wconf 83' lang='lat' dir='ltr'>tenoris</span> <span class='ocrx_word' id='word_1_187' title='bbox 969 1933 1023 1976; x_wconf 82' lang='lat' dir='ltr'>qui</span> <span class='ocrx_word' id='word_1_188' title='bbox 1041 1934 1148 1976; x_wconf 87' lang='lat' dir='ltr'>sequi-</span> 
     </span>
     <span class='ocr_line' id='line_1_39' title="bbox 415 1985 1148 2025; baseline 0.001 -7"><span class='ocrx_word' id='word_1_189' title='bbox 415 1991 484 2025; x_wconf 85' lang='lat' dir='ltr'>tur,</span> <span class='ocrx_word' id='word_1_190' title='bbox 516 1985 685 2018; x_wconf 85' lang='lat' dir='ltr'>videlieet:</span> <span class='ocrx_word' id='word_1_191' title='bbox 717 1997 730 2016; x_wconf 70' lang='grc' dir='ltr'><em>α</em></span> <span class='ocrx_word' id='word_1_192' title='bbox 756 1985 935 2019; x_wconf 76' lang='lat' dir='ltr'>Aldcranns</span> <span class='ocrx_word' id='word_1_193' title='bbox 968 1986 1148 2020; x_wconf 84' lang='lat' dir='ltr'>miseratio-</span> 
     </span>
     <span class='ocr_line' id='line_1_40' title="bbox 414 2038 1145 2083; baseline 0.003 -12"><span class='ocrx_word' id='word_1_194' title='bbox 414 2049 454 2072; x_wconf 87' lang='lat' dir='ltr'>ne</span> <span class='ocrx_word' id='word_1_195' title='bbox 483 2039 588 2071; x_wconf 70' lang='lat' dir='ltr'>divina</span> <span class='ocrx_word' id='word_1_196' title='bbox 619 2038 792 2083; x_wconf 84' lang='lat' dir='ltr'>episcopus</span> <span class='ocrx_word' id='word_1_197' title='bbox 819 2039 975 2072; x_wconf 84' lang='lat' dir='ltr'>Ostiensis</span> <span class='ocrx_word' id='word_1_198' title='bbox 1004 2040 1033 2073; x_wconf 87' lang='lat' dir='ltr'>S.</span> <span class='ocrx_word' id='word_1_199' title='bbox 1057 2040 1092 2072; x_wconf 88' lang='lat' dir='ltr'>R.</span> <span class='ocrx_word' id='word_1_200' title='bbox 1110 2040 1145 2073; x_wconf 89' lang='lat' dir='ltr'>E.</span> 
     </span>
     <span class='ocr_line' id='line_1_41' title="bbox 414 2092 1146 2136; baseline -0.001 -10"><span class='ocrx_word' id='word_1_201' title='bbox 414 2092 587 2126; x_wconf 86' lang='lat' dir='ltr'>cardinalis</span> <span class='ocrx_word' id='word_1_202' title='bbox 611 2092 696 2136; x_wconf 71' lang='lat' dir='ltr'>Cybo</span> <span class='ocrx_word' id='word_1_203' title='bbox 720 2092 801 2125; x_wconf 84' lang='lat' dir='ltr'>sacri</span> <span class='ocrx_word' id='word_1_204' title='bbox 833 2093 961 2135; x_wconf 78' lang='lat' dir='ltr'>collegii</span> <span class='ocrx_word' id='word_1_205' title='bbox 995 2094 1146 2133; x_wconf 87' lang='lat' dir='ltr'>decanus,</span> 
     </span>
     <span class='ocr_line' id='line_1_42' title="bbox 413 2145 1147 2189; baseline 0.003 -11"><span class='ocrx_word' id='word_1_206' title='bbox 413 2156 450 2178; x_wconf 84' lang='lat' dir='ltr'>ae</span> <span class='ocrx_word' id='word_1_207' title='bbox 474 2145 570 2178; x_wconf 84' lang='lat' dir='ltr'>totius</span> <span class='ocrx_word' id='word_1_208' title='bbox 594 2145 723 2178; x_wconf 83' lang='lat' dir='ltr'>Ordinis</span> <span class='ocrx_word' id='word_1_209' title='bbox 747 2145 848 2178; x_wconf 87' lang='lat' dir='ltr'>sancti</span> <span class='ocrx_word' id='word_1_210' title='bbox 875 2145 1037 2180; x_wconf 81' lang='lat' dir='ltr'>Francisei</span> <span class='ocrx_word' id='word_1_211' title='bbox 1062 2147 1147 2189; x_wconf 88' lang='lat' dir='ltr'>apud</span> 
     </span>
     <span class='ocr_line' id='line_1_43' title="bbox 412 2198 1148 2242; baseline 0.001 -10"><span class='ocrx_word' id='word_1_212' title='bbox 412 2199 560 2232; x_wconf 80' lang='lat' dir='ltr'>Sanctam</span> <span class='ocrx_word' id='word_1_213' title='bbox 585 2198 702 2231; x_wconf 86' lang='lat' dir='ltr'>Sedem</span> <span class='ocrx_word' id='word_1_214' title='bbox 726 2203 904 2242; x_wconf 85' lang='lat' dir='ltr'>protector.</span> <span class='ocrx_word' id='word_1_215' title='bbox 942 2199 1019 2232; x_wconf 87' lang='lat' dir='ltr'>Cum</span> <span class='ocrx_word' id='word_1_216' title='bbox 1044 2205 1148 2233; x_wconf 85' lang='lat' dir='ltr'>retro-</span> 
     </span>
     <span class='ocr_line' id='line_1_44' title="bbox 412 2249 1148 2293; baseline 0.001 -10"><span class='ocrx_word' id='word_1_217' title='bbox 412 2250 552 2293; x_wconf 87' lang='lat' dir='ltr'>scriptae</span> <span class='ocrx_word' id='word_1_218' title='bbox 577 2249 808 2282; x_wconf 85' lang='lat' dir='ltr'>conventiones</span> <span class='ocrx_word' id='word_1_219' title='bbox 830 2255 861 2282; x_wconf 88' lang='lat' dir='ltr'>et.</span> <span class='ocrx_word' id='word_1_220' title='bbox 877 2255 971 2291; x_wconf 86' lang='lat' dir='ltr'>pacta</span> <span class='ocrx_word' id='word_1_221' title='bbox 994 2261 1053 2293; x_wconf 83' lang='lat' dir='ltr'>pro</span> <span class='ocrx_word' id='word_1_222' title='bbox 1074 2261 1148 2284; x_wconf 89' lang='lat' dir='ltr'>con-</span> 
     </span>
     <span class='ocr_line' id='line_1_45' title="bbox 413 2301 1146 2346; baseline 0.001 -11"><span class='ocrx_word' id='word_1_223' title='bbox 413 2302 552 2336; x_wconf 80' lang='lat' dir='ltr'>cilianda</span> <span class='ocrx_word' id='word_1_224' title='bbox 567 2306 599 2334; x_wconf 87' lang='lat' dir='ltr'>et</span> <span class='ocrx_word' id='word_1_225' title='bbox 616 2301 807 2334; x_wconf 78' lang='lat' dir='ltr'>stabilienda</span> <span class='ocrx_word' id='word_1_226' title='bbox 820 2302 1049 2345; x_wconf 79' lang='lat' dir='ltr'>religiosorum</span> <span class='ocrx_word' id='word_1_227' title='bbox 1066 2314 1146 2346; x_wconf 84' lang='lat' dir='ltr'>paee</span> 
     </span>
     <span class='ocr_line' id='line_1_46' title="bbox 414 2354 1147 2399; baseline 0 -10"><span class='ocrx_word' id='word_1_228' title='bbox 414 2361 445 2390; x_wconf 88' lang='lat' dir='ltr'>et</span> <span class='ocrx_word' id='word_1_229' title='bbox 469 2356 577 2399; x_wconf 83' lang='lat' dir='ltr'>quiete</span> <span class='ocrx_word' id='word_1_230' title='bbox 601 2355 634 2387; x_wconf 92' lang='lat' dir='ltr'>in</span> <span class='ocrx_word' id='word_1_231' title='bbox 657 2354 826 2398; x_wconf 78' lang='lat' dir='ltr'>provincia</span> <span class='ocrx_word' id='word_1_232' title='bbox 850 2355 1024 2388; x_wconf 75' lang='lat' dir='ltr'>reformata</span> <span class='ocrx_word' id='word_1_233' title='bbox 1043 2356 1075 2390; x_wconf 89' lang='lat' dir='ltr'>S.</span> <span class='ocrx_word' id='word_1_234' title='bbox 1094 2356 1147 2389; x_wconf 89' lang='lat' dir='ltr'>Ni-</span> 
     </span>
     <span class='ocr_line' id='line_1_47' title="bbox 413 2408 1147 2453; baseline 0 -10"><span class='ocrx_word' id='word_1_235' title='bbox 413 2409 496 2443; x_wconf 88' lang='lat' dir='ltr'>colai</span> <span class='ocrx_word' id='word_1_236' title='bbox 521 2409 560 2442; x_wconf 92' lang='lat' dir='ltr'>de</span> <span class='ocrx_word' id='word_1_237' title='bbox 586 2418 745 2442; x_wconf 89' lang='lat' dir='ltr'>consensu</span> <span class='ocrx_word' id='word_1_238' title='bbox 780 2408 878 2441; x_wconf 83' lang='lat' dir='ltr'>totius</span> <span class='ocrx_word' id='word_1_239' title='bbox 908 2409 1040 2452; x_wconf 86' lang='lat' dir='ltr'>capituli</span> <span class='ocrx_word' id='word_1_240' title='bbox 1072 2420 1147 2453; x_wconf 86' lang='lat' dir='ltr'>pro-</span> 
     </span>
    </p>
   </div>
   <div class='ocr_carea' id='block_1_4' title="bbox 996 133 1351 158">
    <p class='ocr_par' dir='ltr' id='par_1_5' title="bbox 996 133 1351 158">
     <span class='ocr_line' id='line_1_48' title="bbox 996 133 1351 158; baseline -0.003 0"><span class='ocrx_word' id='word_1_241' title='bbox 996 133 1172 158; x_wconf 72' lang='lat' dir='ltr'>BULLARIUM</span> <span class='ocrx_word' id='word_1_242' title='bbox 1198 134 1351 158; x_wconf 62' lang='lat' dir='ltr'>noitmt&#39;al</span> 
     </span>
    </p>
   </div>
   <div class='ocr_carea' id='block_1_5' title="bbox 1194 181 1932 1446">
    <p class='ocr_par' dir='ltr' id='par_1_6' title="bbox 1194 181 1932 1391">
     <span class='ocr_line' id='line_1_49' title="bbox 1194 181 1930 225; baseline 0.001 -10"><span class='ocrx_word' id='word_1_243' title='bbox 1194 181 1398 215; x_wconf 77' lang='lat' dir='ltr'>confirmata:</span> <span class='ocrx_word' id='word_1_244' title='bbox 1422 192 1490 220; x_wconf 84' lang='lat' dir='ltr'>nos,</span> <span class='ocrx_word' id='word_1_245' title='bbox 1510 182 1695 215; x_wconf 82' lang='lat' dir='ltr'>huiusmodi</span> <span class='ocrx_word' id='word_1_246' title='bbox 1713 192 1827 225; x_wconf 79' lang='lat' dir='ltr'>pacem</span> <span class='ocrx_word' id='word_1_247' title='bbox 1846 188 1930 216; x_wconf 88' lang='lat' dir='ltr'>trau-</span> 
     </span>
     <span class='ocr_line' id='line_1_50' title="bbox 1194 236 1928 281; baseline 0.003 -14"><span class='ocrx_word' id='word_1_248' title='bbox 1194 236 1453 279; x_wconf 82' lang='lat' dir='ltr'>quillitatcmque</span> <span class='ocrx_word' id='word_1_249' title='bbox 1504 247 1708 280; x_wconf 79' lang='lat' dir='ltr'>summopere</span> <span class='ocrx_word' id='word_1_250' title='bbox 1748 238 1928 281; x_wconf 85' lang='lat' dir='ltr'>cupientes,</span> 
     </span>
     <span class='ocr_line' id='line_1_51' title="bbox 1194 289 1931 333; baseline 0.005 -13"><span class='ocrx_word' id='word_1_251' title='bbox 1194 293 1417 330; x_wconf 85' lang='lat' dir='ltr'>praenarratas</span> <span class='ocrx_word' id='word_1_252' title='bbox 1442 289 1690 330; x_wconf 80' lang='lat' dir='ltr'>conventiones,</span> <span class='ocrx_word' id='word_1_253' title='bbox 1717 291 1858 331; x_wconf 81' lang='lat' dir='ltr'>decreta,</span> <span class='ocrx_word' id='word_1_254' title='bbox 1880 301 1931 333; x_wconf 77' lang='lat' dir='ltr'>pa-</span> 
     </span>
     <span class='ocr_line' id='line_1_52' title="bbox 1196 341 1931 386; baseline 0.003 -12"><span class='ocrx_word' id='word_1_255' title='bbox 1196 347 1255 380; x_wconf 79' lang='lat' dir='ltr'>eta,</span> <span class='ocrx_word' id='word_1_256' title='bbox 1282 341 1514 382; x_wconf 77' lang='lat' dir='ltr'>alternativam,</span> <span class='ocrx_word' id='word_1_257' title='bbox 1548 343 1738 376; x_wconf 85' lang='lat' dir='ltr'>auctoritate</span> <span class='ocrx_word' id='word_1_258' title='bbox 1763 354 1827 386; x_wconf 85' lang='lat' dir='ltr'>qua</span> <span class='ocrx_word' id='word_1_259' title='bbox 1862 344 1931 376; x_wconf 88' lang='lat' dir='ltr'>fun-</span> 
     </span>
     <span class='ocr_line' id='line_1_53' title="bbox 1196 394 1930 439; baseline 0.004 -13"><span class='ocrx_word' id='word_1_260' title='bbox 1196 394 1303 436; x_wconf 77' lang='lat' dir='ltr'>gimur</span> <span class='ocrx_word' id='word_1_261' title='bbox 1325 395 1535 437; x_wconf 82' lang='lat' dir='ltr'>protectoris,</span> <span class='ocrx_word' id='word_1_262' title='bbox 1561 394 1790 428; x_wconf 82' lang='lat' dir='ltr'>confirmamus</span> <span class='ocrx_word' id='word_1_263' title='bbox 1820 401 1851 429; x_wconf 88' lang='lat' dir='ltr'>et</span> <span class='ocrx_word' id='word_1_264' title='bbox 1875 407 1930 439; x_wconf 87' lang='lat' dir='ltr'>ap-</span> 
     </span>
     <span class='ocr_line' id='line_1_54' title="bbox 1196 447 1929 490; baseline 0.004 -11"><span class='ocrx_word' id='word_1_265' title='bbox 1196 447 1384 490; x_wconf 82' lang='lat' dir='ltr'>probamus,</span> <span class='ocrx_word' id='word_1_266' title='bbox 1412 457 1477 479; x_wconf 90' lang='lat' dir='ltr'>non</span> <span class='ocrx_word' id='word_1_267' title='bbox 1510 448 1615 480; x_wconf 89' lang='lat' dir='ltr'>solum</span> <span class='ocrx_word' id='word_1_268' title='bbox 1650 449 1840 490; x_wconf 89' lang='lat' dir='ltr'>praemisso,</span> <span class='ocrx_word' id='word_1_269' title='bbox 1873 450 1929 482; x_wconf 86' lang='lat' dir='ltr'>sed</span> 
     </span>
     <span class='ocr_line' id='line_1_55' title="bbox 1196 499 1930 542; baseline 0.004 -11"><span class='ocrx_word' id='word_1_270' title='bbox 1196 499 1292 532; x_wconf 87' lang='lat' dir='ltr'>etiam</span> <span class='ocrx_word' id='word_1_271' title='bbox 1305 499 1432 533; x_wconf 88' lang='lat' dir='ltr'>meliori</span> <span class='ocrx_word' id='word_1_272' title='bbox 1447 500 1556 533; x_wconf 88' lang='lat' dir='ltr'>modo.</span> <span class='ocrx_word' id='word_1_273' title='bbox 1570 499 1809 542; x_wconf 74' lang='lat' dir='ltr'>praecipientes</span> <span class='ocrx_word' id='word_1_274' title='bbox 1828 501 1930 534; x_wconf 88' lang='lat' dir='ltr'>omni-</span> 
     </span>
     <span class='ocr_line' id='line_1_56' title="bbox 1196 552 1931 595; baseline 0.004 -11"><span class='ocrx_word' id='word_1_275' title='bbox 1196 553 1256 585; x_wconf 89' lang='lat' dir='ltr'>bus</span> <span class='ocrx_word' id='word_1_276' title='bbox 1282 557 1315 585; x_wconf 87' lang='lat' dir='ltr'>et</span> <span class='ocrx_word' id='word_1_277' title='bbox 1339 552 1475 595; x_wconf 75' lang='lat' dir='ltr'>singulis</span> <span class='ocrx_word' id='word_1_278' title='bbox 1504 552 1729 595; x_wconf 87' lang='lat' dir='ltr'>superioribus</span> <span class='ocrx_word' id='word_1_279' title='bbox 1761 558 1794 586; x_wconf 88' lang='lat' dir='ltr'>et</span> <span class='ocrx_word' id='word_1_280' title='bbox 1824 554 1931 587; x_wconf 85' lang='lat' dir='ltr'>subdi-</span> 
     </span>
     <span class='ocr_line' id='line_1_57' title="bbox 1197 605 1931 649; baseline 0.003 -11"><span class='ocrx_word' id='word_1_281' title='bbox 1197 605 1236 638; x_wconf 90' lang='lat' dir='ltr'>tis</span> <span class='ocrx_word' id='word_1_282' title='bbox 1260 605 1426 648; x_wconf 80' lang='lat' dir='ltr'>praefatae</span> <span class='ocrx_word' id='word_1_283' title='bbox 1451 605 1639 648; x_wconf 87' lang='lat' dir='ltr'>provinciae</span> <span class='ocrx_word' id='word_1_284' title='bbox 1665 610 1697 638; x_wconf 87' lang='lat' dir='ltr'>et</span> <span class='ocrx_word' id='word_1_285' title='bbox 1722 607 1931 649; x_wconf 89' lang='lat' dir='ltr'>quibuscum-</span> 
     </span>
     <span class='ocr_line' id='line_1_58' title="bbox 1197 658 1930 701; baseline 0.005 -12"><span class='ocrx_word' id='word_1_286' title='bbox 1197 668 1260 701; x_wconf 86' lang='lat' dir='ltr'>que</span> <span class='ocrx_word' id='word_1_287' title='bbox 1291 658 1361 691; x_wconf 88' lang='lat' dir='ltr'>aliis</span> <span class='ocrx_word' id='word_1_288' title='bbox 1393 658 1539 692; x_wconf 84' lang='lat' dir='ltr'>districte</span> <span class='ocrx_word' id='word_1_289' title='bbox 1577 658 1609 690; x_wconf 94' lang='lat' dir='ltr'>in</span> <span class='ocrx_word' id='word_1_290' title='bbox 1648 658 1765 692; x_wconf 85' lang='lat' dir='ltr'>virtute</span> <span class='ocrx_word' id='word_1_291' title='bbox 1801 665 1930 693; x_wconf 87' lang='lat' dir='ltr'>sanctae</span> 
     </span>
     <span class='ocr_line' id='line_1_59' title="bbox 1196 711 1932 756; baseline 0.003 -12"><span class='ocrx_word' id='word_1_292' title='bbox 1196 711 1410 750; x_wconf 89' lang='lat' dir='ltr'>obedientiae,</span> <span class='ocrx_word' id='word_1_293' title='bbox 1428 722 1468 744; x_wconf 88' lang='lat' dir='ltr'>ne</span> <span class='ocrx_word' id='word_1_294' title='bbox 1482 712 1513 744; x_wconf 91' lang='lat' dir='ltr'>in</span> <span class='ocrx_word' id='word_1_295' title='bbox 1532 716 1695 754; x_wconf 67' lang='lat' dir='ltr'>posterum</span> <span class='ocrx_word' id='word_1_296' title='bbox 1714 712 1827 755; x_wconf 86' lang='lat' dir='ltr'>quovis</span> <span class='ocrx_word' id='word_1_297' title='bbox 1844 723 1932 756; x_wconf 86' lang='lat' dir='ltr'>prae-</span> 
     </span>
     <span class='ocr_line' id='line_1_60' title="bbox 1196 766 1930 809; baseline 0.004 -12"><span class='ocrx_word' id='word_1_298' title='bbox 1196 770 1284 798; x_wconf 86' lang='lat' dir='ltr'>textu</span> <span class='ocrx_word' id='word_1_299' title='bbox 1308 771 1363 799; x_wconf 92' lang='lat' dir='ltr'>aut</span> <span class='ocrx_word' id='word_1_300' title='bbox 1394 766 1541 809; x_wconf 86' lang='lat' dir='ltr'>quaesito</span> <span class='ocrx_word' id='word_1_301' title='bbox 1574 766 1693 806; x_wconf 87' lang='lat' dir='ltr'>colore,</span> <span class='ocrx_word' id='word_1_302' title='bbox 1728 766 1849 799; x_wconf 88' lang='lat' dir='ltr'>directe</span> <span class='ocrx_word' id='word_1_303' title='bbox 1881 767 1930 800; x_wconf 87' lang='lat' dir='ltr'>vel</span> 
     </span>
     <span class='ocr_line' id='line_1_61' title="bbox 1195 818 1932 862; baseline 0.003 -12"><span class='ocrx_word' id='word_1_304' title='bbox 1195 818 1367 859; x_wconf 86' lang='lat' dir='ltr'>indirecte,</span> <span class='ocrx_word' id='word_1_305' title='bbox 1393 824 1505 852; x_wconf 85' lang='lat' dir='ltr'>contra</span> <span class='ocrx_word' id='word_1_306' title='bbox 1528 819 1729 862; x_wconf 79' lang='lat' dir='ltr'>praedictum</span> <span class='ocrx_word' id='word_1_307' title='bbox 1754 820 1932 852; x_wconf 89' lang='lat' dir='ltr'>coneorda-</span> 
     </span>
     <span class='ocr_line' id='line_1_62' title="bbox 1198 871 1930 916; baseline 0.003 -12"><span class='ocrx_word' id='word_1_308' title='bbox 1198 876 1265 904; x_wconf 89' lang='lat' dir='ltr'>tum</span> <span class='ocrx_word' id='word_1_309' title='bbox 1294 876 1326 905; x_wconf 83' lang='lat' dir='ltr'>et</span> <span class='ocrx_word' id='word_1_310' title='bbox 1357 872 1581 905; x_wconf 84' lang='lat' dir='ltr'>alternativam</span> <span class='ocrx_word' id='word_1_311' title='bbox 1617 871 1739 916; x_wconf 64' lang='lat' dir='ltr'>aliqueid</span> <span class='ocrx_word' id='word_1_312' title='bbox 1774 872 1930 906; x_wconf 85' lang='lat' dir='ltr'>innovare</span> 
     </span>
     <span class='ocr_line' id='line_1_63' title="bbox 1196 925 1931 968; baseline 0.003 -12"><span class='ocrx_word' id='word_1_313' title='bbox 1196 929 1249 956; x_wconf 84' lang='lat' dir='ltr'>aut</span> <span class='ocrx_word' id='word_1_314' title='bbox 1285 928 1443 957; x_wconf 85' lang='lat' dir='ltr'>attentare</span> <span class='ocrx_word' id='word_1_315' title='bbox 1479 930 1704 967; x_wconf 87' lang='lat' dir='ltr'>praesumant,</span> <span class='ocrx_word' id='word_1_316' title='bbox 1730 925 1808 965; x_wconf 83' lang='lat' dir='ltr'>sed,</span> <span class='ocrx_word' id='word_1_317' title='bbox 1835 929 1931 968; x_wconf 89' lang='lat' dir='ltr'>prout</span> 
     </span>
     <span class='ocr_line' id='line_1_64' title="bbox 1195 976 1930 1018; baseline 0.003 -9"><span class='ocrx_word' id='word_1_318' title='bbox 1195 976 1313 1018; x_wconf 85' lang='lat' dir='ltr'>iacent,</span> <span class='ocrx_word' id='word_1_319' title='bbox 1330 987 1401 1010; x_wconf 88' lang='lat' dir='ltr'>eam</span> <span class='ocrx_word' id='word_1_320' title='bbox 1425 982 1555 1010; x_wconf 85' lang='lat' dir='ltr'>servent</span> <span class='ocrx_word' id='word_1_321' title='bbox 1578 982 1610 1010; x_wconf 87' lang='lat' dir='ltr'>et</span> <span class='ocrx_word' id='word_1_322' title='bbox 1634 977 1816 1011; x_wconf 70' lang='lat' dir='ltr'>executioni</span> <span class='ocrx_word' id='word_1_323' title='bbox 1841 988 1930 1011; x_wconf 84' lang='lat' dir='ltr'>man-</span> 
     </span>
     <span class='ocr_line' id='line_1_65' title="bbox 1196 1030 1930 1073; baseline 0.001 -11"><span class='ocrx_word' id='word_1_324' title='bbox 1196 1030 1284 1070; x_wconf 82' lang='lat' dir='ltr'>dent,</span> <span class='ocrx_word' id='word_1_325' title='bbox 1319 1030 1438 1064; x_wconf 86' lang='lat' dir='ltr'>nedum</span> <span class='ocrx_word' id='word_1_326' title='bbox 1481 1030 1539 1062; x_wconf 87' lang='lat' dir='ltr'>sub</span> <span class='ocrx_word' id='word_1_327' title='bbox 1580 1030 1693 1073; x_wconf 88' lang='lat' dir='ltr'>poenis</span> <span class='ocrx_word' id='word_1_328' title='bbox 1730 1030 1762 1062; x_wconf 91' lang='lat' dir='ltr'>in</span> <span class='ocrx_word' id='word_1_329' title='bbox 1799 1030 1930 1064; x_wconf 88' lang='lat' dir='ltr'>decreto</span> 
     </span>
     <span class='ocr_line' id='line_1_66' title="bbox 1195 1083 1932 1126; baseline 0.001 -10"><span class='ocrx_word' id='word_1_330' title='bbox 1195 1083 1411 1116; x_wconf 76' lang='lat' dir='ltr'>commissarii</span> <span class='ocrx_word' id='word_1_331' title='bbox 1437 1083 1608 1126; x_wconf 80' lang='lat' dir='ltr'>generalis,</span> <span class='ocrx_word' id='word_1_332' title='bbox 1635 1083 1690 1116; x_wconf 90' lang='lat' dir='ltr'>sed</span> <span class='ocrx_word' id='word_1_333' title='bbox 1715 1083 1863 1117; x_wconf 85' lang='lat' dir='ltr'>nullitate</span> <span class='ocrx_word' id='word_1_334' title='bbox 1897 1094 1932 1117; x_wconf 89' lang='lat' dir='ltr'>o-</span> 
     </span>
     <span class='ocr_line' id='line_1_67' title="bbox 1194 1136 1930 1179; baseline 0.001 -11"><span class='ocrx_word' id='word_1_335' title='bbox 1194 1136 1316 1168; x_wconf 89' lang='lat' dir='ltr'>mnium</span> <span class='ocrx_word' id='word_1_336' title='bbox 1341 1140 1479 1175; x_wconf 88' lang='lat' dir='ltr'>actuum,</span> <span class='ocrx_word' id='word_1_337' title='bbox 1505 1136 1639 1179; x_wconf 83' lang='lat' dir='ltr'>aliisque</span> <span class='ocrx_word' id='word_1_338' title='bbox 1664 1136 1800 1169; x_wconf 87' lang='lat' dir='ltr'>arbitrio</span> <span class='ocrx_word' id='word_1_339' title='bbox 1817 1141 1930 1170; x_wconf 84' lang='lat' dir='ltr'>nostro</span> 
     </span>
     <span class='ocr_line' id='line_1_68' title="bbox 1195 1189 1931 1233; baseline 0.003 -12"><span class='ocrx_word' id='word_1_340' title='bbox 1195 1194 1227 1225; x_wconf 80' lang='lat' dir='ltr'>et</span> <span class='ocrx_word' id='word_1_341' title='bbox 1254 1199 1316 1232; x_wconf 92' lang='lat' dir='ltr'>pro</span> <span class='ocrx_word' id='word_1_342' title='bbox 1352 1194 1498 1232; x_wconf 86' lang='lat' dir='ltr'>tempore</span> <span class='ocrx_word' id='word_1_343' title='bbox 1534 1189 1703 1222; x_wconf 80' lang='lat' dir='ltr'>existentis</span> <span class='ocrx_word' id='word_1_344' title='bbox 1738 1190 1931 1233; x_wconf 88' lang='lat' dir='ltr'>protectoris</span> 
     </span>
     <span class='ocr_line' id='line_1_69' title="bbox 1194 1241 1931 1284; baseline 0.003 -10"><span class='ocrx_word' id='word_1_345' title='bbox 1194 1241 1392 1284; x_wconf 80' lang='lat' dir='ltr'>infligendis.</span> <span class='ocrx_word' id='word_1_346' title='bbox 1409 1241 1479 1275; x_wconf 88' lang='lat' dir='ltr'>Non</span> <span class='ocrx_word' id='word_1_347' title='bbox 1497 1242 1710 1283; x_wconf 87' lang='lat' dir='ltr'>obstantibus,</span> <span class='ocrx_word' id='word_1_348' title='bbox 1732 1247 1793 1276; x_wconf 86' lang='lat' dir='ltr'>etc.</span> <span class='ocrx_word' id='word_1_349' title='bbox 1815 1243 1931 1276; x_wconf 84' lang='lat' dir='ltr'>Datum</span> 
     </span>
     <span class='ocr_line' id='line_1_70' title="bbox 1195 1294 1931 1330; baseline 0.003 -2"><span class='ocrx_word' id='word_1_350' title='bbox 1195 1294 1315 1328; x_wconf 87' lang='lat' dir='ltr'>Romae</span> <span class='ocrx_word' id='word_1_351' title='bbox 1340 1295 1399 1327; x_wconf 88' lang='lat' dir='ltr'>hac</span> <span class='ocrx_word' id='word_1_352' title='bbox 1428 1295 1479 1328; x_wconf 87' lang='lat' dir='ltr'>die</span> <span class='ocrx_word' id='word_1_353' title='bbox 1504 1305 1555 1328; x_wconf 79' lang='lat' dir='ltr'>xV1</span> <span class='ocrx_word' id='word_1_354' title='bbox 1590 1294 1718 1328; x_wconf 88' lang='lat' dir='ltr'>martii¹</span> <span class='ocrx_word' id='word_1_355' title='bbox 1742 1305 1861 1330; x_wconf 73' lang='lat' dir='ltr'>mccxc.</span> <span class='ocrx_word' id='word_1_356' title='bbox 1887 1314 1931 1320; x_wconf 94' lang='lat'>—-</span> 
     </span>
     <span class='ocr_line' id='line_1_71' title="bbox 1195 1348 1791 1391; baseline 0.002 -10"><span class='ocrx_word' id='word_1_357' title='bbox 1195 1348 1232 1381; x_wconf 83' lang='lat' dir='ltr'>A.</span> <span class='ocrx_word' id='word_1_358' title='bbox 1256 1348 1430 1381; x_wconf 88' lang='lat' dir='ltr'>cardinalis</span> <span class='ocrx_word' id='word_1_359' title='bbox 1455 1348 1540 1381; x_wconf 76' lang='lat' dir='ltr'>Creo</span> <span class='ocrx_word' id='word_1_360' title='bbox 1566 1353 1735 1391; x_wconf 90' lang='lat' dir='ltr'>protector</span> <span class='ocrx_word' id='word_1_361' title='bbox 1759 1361 1791 1382; x_wconf 71' lang='lat' dir='ltr'>n.</span> 
     </span>
    </p>

    <p class='ocr_par' dir='ltr' id='par_1_7' title="bbox 1237 1400 1928 1446">
     <span class='ocr_line' id='line_1_72' title="bbox 1237 1400 1928 1446; baseline 0.004 -13"><span class='ocrx_word' id='word_1_362' title='bbox 1237 1400 1299 1445; x_wconf 58' lang='lat'>§⁶2-</span> <span class='ocrx_word' id='word_1_363' title='bbox 1315 1401 1392 1434; x_wconf 89' lang='lat' dir='ltr'>Cum</span> <span class='ocrx_word' id='word_1_364' title='bbox 1409 1406 1523 1441; x_wconf 84' lang='lat' dir='ltr'>autern,</span> <span class='ocrx_word' id='word_1_365' title='bbox 1542 1401 1623 1434; x_wconf 85' lang='lat' dir='ltr'>sicut</span> <span class='ocrx_word' id='word_1_366' title='bbox 1640 1402 1751 1435; x_wconf 85' lang='lat' dir='ltr'>eadem</span> <span class='ocrx_word' id='word_1_367' title='bbox 1771 1403 1928 1446; x_wconf 80' lang='lat' dir='ltr'>expositio</span> 
     </span>
    </p>
   </div>
   <div class='ocr_carea' id='block_1_6' title="bbox 1187 1507 1932 2452">
    <p class='ocr_par' dir='ltr' id='par_1_8' title="bbox 1187 1507 1932 2452">
     <span class='ocr_line' id='line_1_73' title="bbox 1193 1507 1931 1550; baseline -0.001 -9"><span class='ocrx_word' id='word_1_368' title='bbox 1193 1508 1325 1541; x_wconf 83' lang='lat' dir='ltr'>decreta</span> <span class='ocrx_word' id='word_1_369' title='bbox 1349 1507 1548 1547; x_wconf 85' lang='lat' dir='ltr'>huiusmodi,</span> <span class='ocrx_word' id='word_1_370' title='bbox 1577 1517 1640 1550; x_wconf 91' lang='lat' dir='ltr'>quo</span> <span class='ocrx_word' id='word_1_371' title='bbox 1672 1507 1794 1540; x_wconf 80' lang='lat' dir='ltr'>firmius</span> <span class='ocrx_word' id='word_1_372' title='bbox 1825 1508 1931 1540; x_wconf 91' lang='lat' dir='ltr'>subsi-</span> 
     </span>
     <span class='ocr_line' id='line_1_74' title="bbox 1192 1560 1930 1603; baseline 0.001 -10"><span class='ocrx_word' id='word_1_373' title='bbox 1192 1565 1278 1593; x_wconf 84' lang='lat' dir='ltr'>stant</span> <span class='ocrx_word' id='word_1_374' title='bbox 1302 1564 1333 1593; x_wconf 88' lang='lat' dir='ltr'>et</span> <span class='ocrx_word' id='word_1_375' title='bbox 1358 1564 1526 1592; x_wconf 83' lang='lat' dir='ltr'>serventur</span> <span class='ocrx_word' id='word_1_376' title='bbox 1551 1560 1705 1600; x_wconf 80' lang='lat' dir='ltr'>exactius,</span> <span class='ocrx_word' id='word_1_377' title='bbox 1732 1560 1930 1603; x_wconf 86' lang='lat' dir='ltr'>apostolicae</span> 
     </span>
     <span class='ocr_line' id='line_1_75' title="bbox 1192 1613 1932 1656; baseline 0.003 -11"><span class='ocrx_word' id='word_1_378' title='bbox 1192 1613 1446 1646; x_wconf 82' lang='lat' dir='ltr'>confirmationis</span> <span class='ocrx_word' id='word_1_379' title='bbox 1471 1618 1602 1646; x_wconf 87' lang='lat' dir='ltr'>nostrae</span> <span class='ocrx_word' id='word_1_380' title='bbox 1635 1613 1819 1656; x_wconf 87' lang='lat' dir='ltr'>patrocinio</span> <span class='ocrx_word' id='word_1_381' title='bbox 1844 1624 1932 1647; x_wconf 82' lang='lat' dir='ltr'>com-</span> 
     </span>
     <span class='ocr_line' id='line_1_76' title="bbox 1192 1665 1919 1709; baseline 0.001 -11"><span class='ocrx_word' id='word_1_382' title='bbox 1192 1665 1309 1698; x_wconf 86' lang='lat' dir='ltr'>muniri</span> <span class='ocrx_word' id='word_1_383' title='bbox 1334 1675 1540 1707; x_wconf 87' lang='lat' dir='ltr'>summopere</span> <span class='ocrx_word' id='word_1_384' title='bbox 1566 1665 1749 1699; x_wconf 86' lang='lat' dir='ltr'>desideret:</span> <span class='ocrx_word' id='word_1_385' title='bbox 1774 1676 1843 1707; x_wconf 84' lang='lat' dir='ltr'>nOS‚</span> <span class='ocrx_word' id='word_1_386' title='bbox 1860 1676 1919 1709; x_wconf 83' lang='lat' dir='ltr'>spe</span> 
     </span>
     <span class='ocr_line' id='line_1_77' title="bbox 1191 1718 1928 1762; baseline 0 -10"><span class='ocrx_word' id='word_1_387' title='bbox 1191 1719 1304 1752; x_wconf 83' lang='lat' dir='ltr'>cialem</span> <span class='ocrx_word' id='word_1_388' title='bbox 1325 1718 1387 1761; x_wconf 87' lang='lat' dir='ltr'>ipsi</span> <span class='ocrx_word' id='word_1_389' title='bbox 1412 1718 1560 1751; x_wconf 85' lang='lat' dir='ltr'>ministro</span> <span class='ocrx_word' id='word_1_390' title='bbox 1580 1718 1772 1762; x_wconf 83' lang='lat' dir='ltr'>provinciali</span> <span class='ocrx_word' id='word_1_391' title='bbox 1793 1719 1928 1762; x_wconf 83' lang='lat' dir='ltr'>gratiam</span> 
     </span>
     <span class='ocr_line' id='line_1_78' title="bbox 1190 1771 1928 1815; baseline 0.001 -11"><span class='ocrx_word' id='word_1_392' title='bbox 1190 1772 1296 1805; x_wconf 87' lang='lat' dir='ltr'>faeere</span> <span class='ocrx_word' id='word_1_393' title='bbox 1322 1772 1477 1811; x_wconf 83' lang='lat' dir='ltr'>volentes,</span> <span class='ocrx_word' id='word_1_394' title='bbox 1497 1781 1636 1815; x_wconf 86' lang='lat' dir='ltr'>eumque</span> <span class='ocrx_word' id='word_1_395' title='bbox 1653 1782 1669 1804; x_wconf 88' lang='lat' dir='ltr'>a</span> <span class='ocrx_word' id='word_1_396' title='bbox 1690 1771 1858 1815; x_wconf 81' lang='lat' dir='ltr'>quibusvis</span> <span class='ocrx_word' id='word_1_397' title='bbox 1876 1782 1928 1805; x_wconf 78' lang='lat' dir='ltr'>ex-</span> 
     </span>
     <span class='ocr_line' id='line_1_79' title="bbox 1193 1823 1928 1868; baseline -0.001 -10"><span class='ocrx_word' id='word_1_398' title='bbox 1193 1823 1503 1865; x_wconf 50' lang='lat' dir='ltr'>communicationis</span> <span class='ocrx_word' id='word_1_399' title='bbox 1531 1825 1756 1868; x_wconf 84' lang='lat' dir='ltr'>suspensionis</span> <span class='ocrx_word' id='word_1_400' title='bbox 1777 1830 1809 1858; x_wconf 88' lang='lat' dir='ltr'>et</span> <span class='ocrx_word' id='word_1_401' title='bbox 1827 1825 1928 1858; x_wconf 90' lang='lat' dir='ltr'>inter·</span> 
     </span>
     <span class='ocr_line' id='line_1_80' title="bbox 1191 1877 1926 1921; baseline 0.003 -11"><span class='ocrx_word' id='word_1_402' title='bbox 1191 1878 1278 1918; x_wconf 17' lang='lat' dir='ltr'>relicti,</span> <span class='ocrx_word' id='word_1_403' title='bbox 1314 1877 1453 1921; x_wconf 85' lang='lat' dir='ltr'>aliisque</span> <span class='ocrx_word' id='word_1_404' title='bbox 1483 1878 1713 1911; x_wconf 86' lang='lat' dir='ltr'>ecclesiasticis</span> <span class='ocrx_word' id='word_1_405' title='bbox 1746 1879 1926 1920; x_wconf 86' lang='lat' dir='ltr'>sententiis,</span> 
     </span>
     <span class='ocr_line' id='line_1_81' title="bbox 1190 1931 1926 1974; baseline 0.004 -11"><span class='ocrx_word' id='word_1_406' title='bbox 1190 1931 1333 1963; x_wconf 82' lang='lat' dir='ltr'>censuris</span> <span class='ocrx_word' id='word_1_407' title='bbox 1364 1937 1395 1963; x_wconf 87' lang='lat' dir='ltr'>et</span> <span class='ocrx_word' id='word_1_408' title='bbox 1425 1931 1551 1974; x_wconf 91' lang='lat' dir='ltr'>poenis,</span> <span class='ocrx_word' id='word_1_409' title='bbox 1578 1942 1595 1964; x_wconf 89' lang='lat' dir='ltr'>a</span> <span class='ocrx_word' id='word_1_410' title='bbox 1619 1931 1689 1964; x_wconf 88' lang='lat' dir='ltr'>iure</span> <span class='ocrx_word' id='word_1_411' title='bbox 1717 1932 1767 1965; x_wconf 79' lang='lat' dir='ltr'>vel</span> <span class='ocrx_word' id='word_1_412' title='bbox 1791 1932 1831 1965; x_wconf 86' lang='lat' dir='ltr'>ab</span> <span class='ocrx_word' id='word_1_413' title='bbox 1867 1933 1926 1966; x_wconf 92' lang='lat' dir='ltr'>ho-</span> 
     </span>
     <span class='ocr_line' id='line_1_82' title="bbox 1190 1983 1924 2027; baseline 0.005 -12"><span class='ocrx_word' id='word_1_414' title='bbox 1190 1984 1295 2023; x_wconf 85' lang='lat' dir='ltr'>mine,</span> <span class='ocrx_word' id='word_1_415' title='bbox 1322 1983 1434 2026; x_wconf 86' lang='lat' dir='ltr'>quavis</span> <span class='ocrx_word' id='word_1_416' title='bbox 1460 1984 1629 2018; x_wconf 85' lang='lat' dir='ltr'>occasione</span> <span class='ocrx_word' id='word_1_417' title='bbox 1654 1986 1704 2018; x_wconf 89' lang='lat' dir='ltr'>vel</span> <span class='ocrx_word' id='word_1_418' title='bbox 1721 1987 1816 2018; x_wconf 76' lang='lat' dir='ltr'>eausa</span> <span class='ocrx_word' id='word_1_419' title='bbox 1839 1986 1924 2027; x_wconf 87' lang='lat' dir='ltr'>latis,</span> 
     </span>
     <span class='ocr_line' id='line_1_83' title="bbox 1190 2037 1924 2080; baseline 0.003 -11"><span class='ocrx_word' id='word_1_420' title='bbox 1190 2037 1216 2069; x_wconf 92' lang='lat' dir='ltr'>si</span> <span class='ocrx_word' id='word_1_421' title='bbox 1234 2037 1352 2080; x_wconf 85' lang='lat' dir='ltr'>quibus</span> <span class='ocrx_word' id='word_1_422' title='bbox 1366 2037 1798 2080; x_wconf 84' lang='lat' dir='ltr'>quomodolibetinnodatus</span> <span class='ocrx_word' id='word_1_423' title='bbox 1809 2039 1924 2079; x_wconf 82' lang='lat' dir='ltr'>existit,</span> 
     </span>
     <span class='ocr_line' id='line_1_84' title="bbox 1189 2089 1925 2133; baseline 0.004 -11"><span class='ocrx_word' id='word_1_424' title='bbox 1189 2090 1228 2123; x_wconf 87' lang='lat' dir='ltr'>ad</span> <span class='ocrx_word' id='word_1_425' title='bbox 1250 2089 1397 2122; x_wconf 66' lang='lat' dir='ltr'>etft1etum</span> <span class='ocrx_word' id='word_1_426' title='bbox 1417 2090 1637 2133; x_wconf 84' lang='lat' dir='ltr'>praesentium</span> <span class='ocrx_word' id='word_1_427' title='bbox 1663 2091 1828 2124; x_wconf 84' lang='lat' dir='ltr'>dumtaxat</span> <span class='ocrx_word' id='word_1_428' title='bbox 1851 2102 1925 2125; x_wconf 88' lang='lat' dir='ltr'>con-</span> 
     </span>
     <span class='ocr_line' id='line_1_85' title="bbox 1189 2143 1925 2186; baseline 0.005 -10"><span class='ocrx_word' id='word_1_429' title='bbox 1189 2143 1401 2186; x_wconf 77' lang='lat' dir='ltr'>sequendum,</span> <span class='ocrx_word' id='word_1_430' title='bbox 1423 2143 1540 2176; x_wconf 87' lang='lat' dir='ltr'>harum</span> <span class='ocrx_word' id='word_1_431' title='bbox 1559 2143 1644 2176; x_wconf 89' lang='lat' dir='ltr'>serie</span> <span class='ocrx_word' id='word_1_432' title='bbox 1668 2144 1875 2179; x_wconf 83' lang='lat' dir='ltr'>absolventes</span> <span class='ocrx_word' id='word_1_433' title='bbox 1892 2151 1925 2180; x_wconf 86' lang='lat' dir='ltr'>et</span> 
     </span>
     <span class='ocr_line' id='line_1_86' title="bbox 1188 2196 1924 2242; baseline 0.004 -12"><span class='ocrx_word' id='word_1_434' title='bbox 1188 2197 1374 2230; x_wconf 83' lang='lat' dir='ltr'>absolutum</span> <span class='ocrx_word' id='word_1_435' title='bbox 1399 2196 1468 2229; x_wconf 86' lang='lat' dir='ltr'>fore</span> <span class='ocrx_word' id='word_1_436' title='bbox 1499 2201 1686 2238; x_wconf 86' lang='lat' dir='ltr'>censentes,</span> <span class='ocrx_word' id='word_1_437' title='bbox 1713 2199 1924 2242; x_wconf 83' lang='lat' dir='ltr'>supplicatio-</span> 
     </span>
     <span class='ocr_line' id='line_1_87' title="bbox 1188 2249 1924 2296; baseline 0.004 -13"><span class='ocrx_word' id='word_1_438' title='bbox 1188 2250 1283 2283; x_wconf 90' lang='lat' dir='ltr'>nibus</span> <span class='ocrx_word' id='word_1_439' title='bbox 1319 2250 1389 2283; x_wconf 89' lang='lat' dir='ltr'>eius</span> <span class='ocrx_word' id='word_1_440' title='bbox 1425 2249 1557 2283; x_wconf 90' lang='lat' dir='ltr'>nomine</span> <span class='ocrx_word' id='word_1_441' title='bbox 1595 2250 1689 2283; x_wconf 89' lang='lat' dir='ltr'>nobis</span> <span class='ocrx_word' id='word_1_442' title='bbox 1725 2261 1824 2296; x_wconf 87' lang='lat' dir='ltr'>super</span> <span class='ocrx_word' id='word_1_443' title='bbox 1859 2253 1924 2288; x_wconf 88' lang='lat' dir='ltr'>hoe</span> 
     </span>
     <span class='ocr_line' id='line_1_88' title="bbox 1188 2302 1922 2346; baseline 0.007 -10"><span class='ocrx_word' id='word_1_444' title='bbox 1188 2303 1354 2336; x_wconf 85' lang='lat' dir='ltr'>humiliter</span> <span class='ocrx_word' id='word_1_445' title='bbox 1389 2302 1548 2346; x_wconf 87' lang='lat' dir='ltr'>porrectis</span> <span class='ocrx_word' id='word_1_446' title='bbox 1573 2303 1729 2346; x_wconf 89' lang='lat' dir='ltr'>inclinati,</span> <span class='ocrx_word' id='word_1_447' title='bbox 1756 2305 1795 2338; x_wconf 87' lang='lat' dir='ltr'>de</span> <span class='ocrx_word' id='word_1_448' title='bbox 1825 2316 1922 2341; x_wconf 84' lang='lat' dir='ltr'>vene-</span> 
     </span>
     <span class='ocr_line' id='line_1_89' title="bbox 1187 2356 1918 2394; baseline 0.005 -4"><span class='ocrx_word' id='word_1_449' title='bbox 1187 2358 1338 2391; x_wconf 89' lang='lat' dir='ltr'>rabilium</span> <span class='ocrx_word' id='word_1_450' title='bbox 1368 2356 1503 2389; x_wconf 86' lang='lat' dir='ltr'>fratrum</span> <span class='ocrx_word' id='word_1_451' title='bbox 1534 2361 1720 2391; x_wconf 85' lang='lat' dir='ltr'>nostrorum</span> <span class='ocrx_word' id='word_1_452' title='bbox 1744 2357 1776 2391; x_wconf 89' lang='lat' dir='ltr'>S.</span> <span class='ocrx_word' id='word_1_453' title='bbox 1811 2359 1849 2393; x_wconf 91' lang='lat' dir='ltr'>R.</span> <span class='ocrx_word' id='word_1_454' title='bbox 1882 2359 1918 2394; x_wconf 92' lang='lat' dir='ltr'>E.</span> 
     </span>
     <span class='ocr_line' id='line_1_90' title="bbox 1187 2408 1920 2452; baseline 0.005 -9"><span class='ocrx_word' id='word_1_455' title='bbox 1187 2409 1402 2444; x_wconf 86' lang='lat' dir='ltr'>cardinalium</span> <span class='ocrx_word' id='word_1_456' title='bbox 1420 2408 1560 2452; x_wconf 82' lang='lat' dir='ltr'>negotiis</span> <span class='ocrx_word' id='word_1_457' title='bbox 1581 2414 1614 2443; x_wconf 88' lang='lat' dir='ltr'>et</span> <span class='ocrx_word' id='word_1_458' title='bbox 1629 2411 1920 2447; x_wconf 88' lang='lat' dir='ltr'>consultationibus</span> 
     </span>
    </p>
   </div>
   <div class='ocr_carea' id='block_1_7' title="bbox 413 2462 1920 2509">
    <p class='ocr_par' dir='ltr' id='par_1_9' title="bbox 413 2462 1920 2509">
     <span class='ocr_line' id='line_1_91' title="bbox 413 2462 1920 2509; baseline 0.002 -12"><span class='ocrx_word' id='word_1_459' title='bbox 413 2463 559 2497; x_wconf 86' lang='lat' dir='ltr'>vineialis</span> <span class='ocrx_word' id='word_1_460' title='bbox 585 2463 717 2496; x_wconf 85' lang='lat' dir='ltr'>decreta</span> <span class='ocrx_word' id='word_1_461' title='bbox 748 2462 893 2503; x_wconf 86' lang='lat' dir='ltr'>fuerint,</span> <span class='ocrx_word' id='word_1_462' title='bbox 926 2473 1056 2496; x_wconf 89' lang='lat' dir='ltr'>necnon</span> <span class='ocrx_word' id='word_1_463' title='bbox 1087 2474 1147 2507; x_wconf 89' lang='lat' dir='ltr'>per</span> <span class='ocrx_word' id='word_1_464' title='bbox 1187 2464 1415 2507; x_wconf 82' lang='lat' dir='ltr'>episcoporum</span> <span class='ocrx_word' id='word_1_465' title='bbox 1439 2468 1471 2496; x_wconf 86' lang='lat' dir='ltr'>et</span> <span class='ocrx_word' id='word_1_466' title='bbox 1492 2463 1690 2506; x_wconf 84' lang='lat' dir='ltr'>regularium</span> <span class='ocrx_word' id='word_1_467' title='bbox 1718 2466 1920 2509; x_wconf 84' lang='lat' dir='ltr'>praeposito-</span> 
     </span>
    </p>
   </div>
   <div class='ocr_carea' id='block_1_8' title="bbox 414 2516 1146 2560">
    <p class='ocr_par' dir='ltr' id='par_1_10' title="bbox 414 2516 1146 2560">
     <span class='ocr_line' id='line_1_92' title="bbox 414 2516 1146 2560; baseline -0.005 -7"><span class='ocrx_word' id='word_1_468' title='bbox 414 2517 670 2553; x_wconf 87' lang='lat' dir='ltr'>commissarium</span> <span class='ocrx_word' id='word_1_469' title='bbox 703 2516 887 2560; x_wconf 76' lang='lat' dir='ltr'>generalem</span> <span class='ocrx_word' id='word_1_470' title='bbox 912 2516 1090 2560; x_wconf 84' lang='lat' dir='ltr'>approbata</span> <span class='ocrx_word' id='word_1_471' title='bbox 1116 2522 1146 2551; x_wconf 87' lang='lat' dir='ltr'>et</span> 
     </span>
    </p>
   </div>
   <div class='ocr_carea' id='block_1_9' title="bbox 1222 2524 1917 2564">
    <p class='ocr_par' dir='ltr' id='par_1_11' title="bbox 1222 2524 1917 2564">
     <span class='ocr_line' id='line_1_93' title="bbox 1222 2524 1917 2564; baseline 0.009 -11"><span class='ocrx_word' id='word_1_472' title='bbox 1222 2527 1233 2553; x_wconf 84' lang='lat'>1</span> <span class='ocrx_word' id='word_1_473' title='bbox 1256 2525 1364 2554; x_wconf 82' lang='lat' dir='ltr'>Videtur</span> <span class='ocrx_word' id='word_1_474' title='bbox 1382 2524 1526 2562; x_wconf 82' lang='lat' dir='ltr'>legendum</span> <span class='ocrx_word' id='word_1_475' title='bbox 1539 2526 1617 2556; x_wconf 77' lang='lat' dir='ltr'>maii</span> <span class='ocrx_word' id='word_1_476' title='bbox 1635 2533 1683 2563; x_wconf 86' lang='lat' dir='ltr'>pro</span> <span class='ocrx_word' id='word_1_477' title='bbox 1703 2528 1807 2557; x_wconf 79' lang='lat' dir='ltr'>martii</span> <span class='ocrx_word' id='word_1_478' title='bbox 1819 2528 1848 2564; x_wconf 74' lang='lat' dir='ltr'>(a</span> <span class='ocrx_word' id='word_1_479' title='bbox 1868 2528 1917 2564; x_wconf 80' lang='grc' dir='ltr'>τ,).</span> 
     </span>
    </p>
   </div>
   <div class='ocr_carea' id='block_1_10' title="bbox 1931 135 2117 164">
    <p class='ocr_par' dir='ltr' id='par_1_12' title="bbox 1931 135 2117 164">
     <span class='ocr_line' id='line_1_94' title="bbox 1931 135 2117 164; baseline -0.005 -4"><span class='ocrx_word' id='word_1_480' title='bbox 1931 136 1978 161; x_wconf 72' lang='lat' dir='ltr'>An.</span> <span class='ocrx_word' id='word_1_481' title='bbox 1999 135 2027 161; x_wconf 87' lang='lat' dir='ltr'>C.</span> <span class='ocrx_word' id='word_1_482' title='bbox 2052 135 2117 164; x_wconf 53' lang='lat'>“92</span> 
     </span>
    </p>
   </div>
   <div class='ocr_carea' id='block_1_11' title="bbox 1194 1417 2122 1498">
    <p class='ocr_par' dir='ltr' id='par_1_13' title="bbox 1194 1417 2122 1498">
     <span class='ocr_line' id='line_1_95' title="bbox 1988 1417 2122 1438; baseline 0 -1"><span class='ocrx_word' id='word_1_483' title='bbox 1988 1417 2122 1438; x_wconf 61' lang='lat' dir='ltr'>Confirmziin</span> 
     </span>
     <span class='ocr_line' id='line_1_96' title="bbox 1194 1441 2122 1498; baseline 0.003 -10"><span class='ocrx_word' id='word_1_484' title='bbox 1194 1454 1418 1498; x_wconf 76' lang='lat' dir='ltr'>subiungebat,</span> <span class='ocrx_word' id='word_1_485' title='bbox 1437 1454 1540 1487; x_wconf 88' lang='lat' dir='ltr'>dictus</span> <span class='ocrx_word' id='word_1_486' title='bbox 1557 1454 1703 1488; x_wconf 88' lang='lat' dir='ltr'>minister</span> <span class='ocrx_word' id='word_1_487' title='bbox 1718 1455 1928 1498; x_wconf 82' lang='lat' dir='ltr'>provincialis</span> <span class='ocrx_word' id='word_1_488' title='bbox 1939 1441 2052 1490; x_wconf 52' lang='lat' dir='ltr'>{iiiiffiffl</span> <span class='ocrx_word' id='word_1_489' title='bbox 2086 1446 2122 1465; x_wconf 61' lang='lat'>‘¹⁰‘</span> 
     </span>
    </p>
   </div>
  </div>
 </body>
</html>
