2227 3225
119 218 166 242 An.
183 216 210 242 Γ..
234 215 300 241 itm

169 1069 243 1089 Conco
245 1068 267 1088 34
272 1075 295 1089 m·

112 1097 185 1126 maiori
222 1101 261 1121 poe
252 1102 294 1115 ni-

141 1342 151 1353 ιι

110 1362 234 1408 :iulbubu
229 1401 274 1429 ι.
303 1389 432 1412 necnon
471 1379 570 1412 lalCOS
610 1387 833 1420 quoscumque
872 1383 1042 1418 ΙΙῑιῚΙΙΞῳΙΟ

139 1123 160 1141 ιΙ
200 1128 211 1141 o
233 1122 279 1147 pul

114 1297 182 1327 vsa-t
178 1314 243 1354 inqu
240 1289 294 1346 :tiis-

191 1364 228 1380 ΓΙΙ
243 1341 294 1381 1¹:011-

887 200 1098 227 lNNocENTlt's
1125 200 1167 224 xn
1193 199 1240 223 PP-

310 266 417 294 sentes
431 267 558 292 nostras
570 256 695 290 litteras
708 263 775 287 non
789 251 966 290 concessis,
976 249 1039 280 imo

309 312 493 357 prohibitis,
521 308 710 343 consulendi
728 335 735 347 ,
761 307 841 340 itaut
860 305 921 349 ipsi
941 304 1041 336 maio-

310 367 335 399 ri
360 363 614 409 poenitentiario
640 363 679 396 de
704 359 840 394 Romani
872 357 1039 392 Pontificis

308 419 440 463 speciali
475 417 629 450 mandato
665 415 807 458 desuper
841 413 930 446 vivae
954 412 1040 445 vocis

307 474 438 506 oraculo
464 472 527 505 sibi
552 471 635 504 sacto
668 468 847 513 procedere
880 466 1040 500 asserenti

307 526 443 559 indubia
479 524 561 558 fides
599 519 733 557 debeat
748 521 927 563 adhiberi),
951 526 1039 553 motu

308 579 462 622 proprio,
495 589 533 611 ex
564 579 651 611 certa
685 575 823 610 scientia
858 584 895 607 ac
918 575 1042 605 matura

307 631 546 665 deliberatione
571 630 701 669 nostris,
720 629 826 671 deque
842 626 1040 670 apostolicae

306 685 479 728 potestatis
493 683 708 728 plenitudine,
731 681 954 724 infrascriptas
975 684 1042 712 tan-

307 745 372 772 tum
397 739 565 771 facultates
587 737 694 770 eidem
711 734 985 768 Poenitentiariae
1011 738 1042 766 et

305 792 422 825 maiori
447 789 702 835 poenitentiario
738 789 778 822 de
810 793 921 822 cetero
955 797 1042 819 com-

304 851 428 890 petere,
448 856 486 878 ac
510 845 543 877 in
572 844 628 877 ina
646 849 678 876 et
694 843 733 875 ab
751 842 808 875 illo
826 841 859 874 in
878 842 966 874 hunc
988 840 1041 883 qui

305 900 454 942 sequitur
468 898 600 931 niodum
613 896 756 929 exerceri
772 906 876 939 posse,
893 895 954 927 liae
968 904 1043 926 nos—

305 955 355 986 tra
371 958 529 996 perpetuo
553 950 691 983 valitura
716 948 949 982 constitutione
979 950 1043 979 sta-

304 1007 426 1039 tuimus
451 1010 547 1048 atque
572 1002 789 1037 decernimus.

349 1060 363 1103 ἓ
380 1059 412 1093 9
430 1058 546 1091 Nostro
564 1057 674 1100 itaque
692 1061 723 1088 et
740 1065 798 1098 pro
817 1059 963 1098 tenpore
982 1054 1044 1087 exi-

283 1113 403 1146 stenti
422 1111 536 1144 maiori
554 1109 808 1153 poenitentiario
825 1105 1045 1144 concedimus,

225 1156 235 1168 ³
247 1149 293 1210 ΜιΙ
304 1171 340 1198 ut
365 1176 479 1199 omnes
498 1170 529 1197 et
546 1163 703 1206 singulos,
722 1161 956 1204 cuiuscumque
970 1173 1045 1205 qun-

126 1210 169 1248 «⁶12
180 1229 205 1248 Ι
213 1204 416 1260 ...ffl.-0²1i13[js‚
438 1217 602 1261 dionitatis
621 1222 652 1250 et
669 1216 796 1258 giQadus
810 1215 1044 1248 ecclesiistitos

128 1262 152 1274 u·-
176 1262 212 1275 «¹1¹0
220 1236 268 1279 ΗΓΒᾸ
271 1262 294 1274 ΙΙ·

271 1273 496 1311 saeculares,
519 1276 551 1304 et
575 1269 712 1303 cuiusxis
737 1268 879 1309 Ordinis,
907 1278 1045 1310 congre-

277 1325 454 1368 1gationis,
479 1323 644 1358 societatis
662 1328 693 1356 et
710 1322 844 1355 instituti
862 1322 1041 1364 iegulmos,

303 1441 409 1472 sexus,
443 1436 506 1464 tam
534 1435 724 1474 plaesentes
755 1439 852 1472 quarn
883 1429 1043 1468 absentes,

304 1485 344 1518 ab
362 1484 512 1518 omnibus
531 1489 562 1517 et
580 1483 838 1527 quibuscumque
855 1482 970 1525 culpis,
988 1481 1044 1514 cri.

302 1538 444 1572 minibus
469 1542 501 1571 et
525 1537 709 1570 excessibus
745 1540 1042 1579 quantumcumque

304 1592 456 1635 gravibus
492 1597 524 1624 et
563 1590 762 1630 enormibus,
799 1594 864 1623 tam
901 1589 1043 1633 publicis

304 1655 400 1689 quam
425 1644 572 1685 occultis,
599 1643 874 1687 quandocumque
897 1650 929 1678 et
963 1654 1044 1687 quo-

302 1699 539 1741 modocumque
565 1697 741 1731 commissis
775 1702 807 1731 et
834 1696 1043 1740 perpetratis,

303 1760 434 1783 necnon
459 1750 497 1782 ab
518 1749 666 1782 omnibus
691 1748 1041 1788 excommunicationis,

304 1802 529 1846 suspensionis
555 1806 587 1834 et
611 1801 787 1839 interdicti,
808 1801 946 1844 aliisque
971 1812 1045 1834 cen-

304 1857 386 1889 suris
409 1861 440 1889 et
464 1855 578 1898 poenis
603 1854 829 1887 ecclesiasticis
853 1855 1045 1897 praemisso-

305 1920 377 1943 rum
395 1909 568 1942 occasione
586 1907 658 1940 latis
680 1913 711 1940 et
726 1918 787 1951 per
803 1907 877 1940 illos
896 1908 1042 1948 incursis,

306 1963 402 1996 etiam
435 1962 468 1995 in
504 1961 631 1995 casibus
666 1961 785 1993 nedum
821 1961 1042 2004 superioribus

305 2016 511 2059 regularibus
537 2020 569 2048 et
592 2013 776 2052 ordinariis,
794 2014 851 2047 sed
873 2014 969 2047 etiarn
986 2025 1045 2048 no-

304 2070 356 2104 bis
378 2075 410 2103 et
434 2069 569 2102 Sanctae
587 2067 661 2101 Sedi
680 2067 876 2111 specialiter,
893 2078 930 2100 ac
947 2068 1043 2101 etiam

305 2133 365 2167 per
400 2124 523 2157 litteras
559 2131 642 2165 quae
679 2121 730 2154 die
766 2120 892 2154 Coenae
918 2121 1043 2154 Domini

306 2176 479 2219 quotannis
503 2175 760 2218 promulgantur,
792 2175 976 2214 reservatis,
995 2175 1044 2207 in-

305 2229 415 2262 iuncta
439 2238 567 2272 semper
591 2227 707 2260 iisdem
724 2237 782 2270 pro
807 2227 904 2260 modo
929 2229 1041 2271 culpae

305 2281 506 2326 poenitentia
529 2281 671 2321 salutari,
689 2286 720 2313 et
736 2280 808 2313 aliis
826 2290 906 2323 quae
924 2281 1043 2315 suerint

307 2335 346 2369 de
363 2336 434 2368 iure
452 2334 664 2377 iniungenda,
681 2334 859 2373 absolvere,
872 2337 905 2365 et
920 2333 1042 2366 absolvi

306 2389 459 2422 mandare
483 2389 586 2432 possit
610 2393 643 2420 et
662 2387 786 2420 valeat:
812 2387 977 2429 regulares
995 2387 1042 2419 ni-

307 2442 434 2483 mirum,
460 2453 478 2475 a
502 2441 605 2484 culpis
630 2445 662 2474 et
685 2439 829 2473 censuris
854 2439 1042 2482 praemissis

307 2497 341 2529 in
364 2501 504 2539 utroque
524 2495 606 2535 soro,
621 2499 653 2527 et
672 2493 909 2527 ecclesiasticos
934 2503 1043 2525 saecu-

307 2550 403 2589 lares,
429 2559 558 2582 necnon
583 2547 726 2588 laicos,a
742 2546 919 2591 praedictis
939 2545 1041 2589 culpis

308 2608 339 2637 ct
357 2603 502 2636 censuris
527 2602 559 2635 in
577 2602 646 2636 soro
665 2601 881 2636 conscientiae
899 2604 1039 2640 tantum,

1726 189 1779 205 [kd

1717 206 1782 224 Ιιιὶι.)

1083 248 1212 280 eosdem
1244 256 1320 280 vero
1358 248 1592 281 ecclesiasticos
1626 253 1818 295 saeculares,

1083 311 1210 333 necnon
1228 300 1336 340 laicos,
1356 306 1432 334 tunc
1456 302 1486 334 in
1508 310 1646 346 utroque
1673 306 1741 338 soro
1766 306 1820 338 ab·

1083 354 1210 386 solvere
1236 359 1267 386 et
1283 353 1404 386 absolvi
1423 356 1576 389 mandare
1591 360 1702 400 possit,
1722 371 1821 403 quan-

1085 407 1124 439 do
1149 407 1254 449 agitur
1272 407 1311 440 de
1330 410 1612 443 excommunicatis
1630 417 1663 444 et
1686 423 1822 456 suspen-

1084 460 1128 492 sis
1153 471 1169 492 a
1194 461 1354 493 sententia
1371 463 1516 503 generali
1537 464 1583 496 vel
1609 466 1742 507 speciali
1768 467 1823 500 dc·

1084 514 1266 555 legatorum
1304 515 1506 558 aliorumque
1544 517 1707 559 indicum,
1737 529 1818 562 quo-

1084 577 1153 598 rum
1188 566 1369 600 iurisdictio
1405 568 1609 612 expiraverit,
1635 582 1692 604 seu
1724 573 1823 606 etiam

1084 619 1123 652 de
1149 619 1214 652 illis
1246 630 1383 662 quorum
1409 622 1570 656 absolutio
1601 634 1663 667 per
1690 626 1822 659 eosdem

1084 672 1206 705 iudices
1237 678 1291 705 aut
1326 673 1406 706 alios
1442 675 1537 708 suerit
1567 677 1606 709 ad
1638 676 1822 712 Romanum

1085 725 1272 758 Pontificem
1299 731 1331 760 et
1349 727 1387 759 ad
1407 727 1524 761 dictam
1541 728 1689 763 Sanctam
1708 731 1822 764 Sedem

1084 778 1228 819 remissa,
1247 788 1303 812 seu
1322 779 1446 822 pariter
1463 781 1501 813 de
1519 781 1568 821 iis,
1587 782 1655 825 qui,
1678 784 1823 824 legitimo

1084 831 1319 874 impedimento
1346 833 1479 874 detenti,
1500 836 1716 877 praesentiam
1738 837 1823 870 iudi-

1084 895 1167 926 cum,
1193 886 1244 918 vel
1269 886 1400 919 illorum
1422 887 1474 930 qui
1493 898 1549 921 eos
1567 890 1825 924 excommunica-

1084 943 1161 971 runt
1184 943 1239 972 aut
1263 940 1515 983 suspenderunt,
1547 947 1601 974 aut
1631 943 1732 976 alium
1766 954 1823 977 seu

1085 993 1180 1032 alios,
1207 992 1297 1025 adire
1322 1003 1388 1025 non
1413 1000 1600 1037 potuerunt.

1130 1046 1145 1087 ᾗ
1170 1045 1224 1078 10.
1252 1046 1296 1079 Ita
1323 1051 1430 1079 tamen
1456 1053 1492 1080 ut.
1520 1049 1682 1091 praedicti
1706 1061 1724 1083 a
1747 1061 1824 1084 cen-

1087 1097 1172 1130 suris
1193 1099 1231 1131 ab
1257 1099 1390 1132 bomine
1417 1101 1488 1133 latis
1514 1112 1571 1134 seu
1597 1103 1767 1137 declaratis
1792 1105 1824 1137 in

1085 1158 1224 1194 utroque
1250 1152 1318 1185 soro
1347 1157 1382 1185 ut
1406 1155 1589 1196 praefertur
1619 1155 1823 1197 absolvendi,

1087 1205 1119 1237 in
1151 1206 1217 1238 suis
1243 1207 1394 1248 congruis
1419 1208 1548 1241 casibus
1574 1210 1754 1252 respective
1779 1211 1824 1244 iu—

1086 1258 1191 1291 dicato
1226 1259 1396 1301 paruerint
1421 1265 1451 1293 et
1475 1261 1560 1302 parti
1596 1262 1824 1302 satisfecerint,

1085 1313 1143 1352 vel,
1164 1312 1401 1356 quamprimum
1423 1314 1591 1355 potuerint
1608 1315 1767 1359 (alioquin
1794 1317 1827 1350 in

1086 1366 1215 1398 easdem
1234 1375 1386 1398 censuras
1398 1366 1603 1409 reincidant),
1617 1367 1826 1402 satisfaciant.

1085 1419 1203 1452 Eadem
1216 1429 1294 1452 vero
1308 1425 1398 1461 parte
1418 1418 1559 1452 oblatam
1578 1421 1826 1455 convenientem

1085 1472 1347 1512 satisfactionem,
1374 1483 1454 1515 quae
1481 1478 1586 1507 tamen
1604 1474 1636 1507 in
1654 1476 1825 1509 sententiis

1085 1537 1142 1559 seu
1168 1526 1307 1560 decretis
1334 1526 1533 1560 individuata
1564 1538 1631 1560 non
1663 1528 1717 1569 sit,
1748 1529 1826 1562 irra-

1086 1581 1289 1615 tionabiliter
1306 1586 1487 1621 recusante,
1505 1582 1611 1624 possit
1627 1583 1732 1616 maior
1749 1594 1826 1627 poe-

1084 1635 1293 1668 nitentiarius
1317 1634 1443 1675 iudicis,
1463 1645 1572 1668 coram
1590 1646 1654 1679 quo
1679 1647 1826 1670 censura-

1084 1700 1154 1721 rum
1179 1699 1275 1721 eausa
1298 1688 1432 1732 pendet,
1463 1689 1682 1722 conscientiae
1714 1691 1826 1723 remit-

1086 1748 1172 1782 tere,
1208 1747 1244 1775 ut
1283 1741 1531 1775 convenientem
1570 1742 1826 1777 satisfactionem

1086 1796 1274 1835 arbitretur,
1296 1795 1418 1838 illaque
1444 1805 1503 1838 per
1533 1805 1623 1827 reum
1649 1796 1768 1836 oblata,
1795 1802 1827 1830 ct

1086 1860 1145 1893 per
1168 1849 1264 1882 aliam
1289 1853 1415 1891 partem
1440 1847 1710 1881 irrationabiliter
1733 1859 1828 1881 reeu-

1087 1905 1163 1942 sata,
1181 1903 1288 1935 valeat
1311 1902 1428 1941 adhuc,
1442 1900 1534 1933 firma
1554 1907 1744 1934 remanente
1770 1902 1828 1934 hu-

1086 1955 1227 1989 iusmodi
1248 1955 1424 1995 oblatione,
1437 1954 1477 1988 ad
1501 1954 1739 1988 absolutionem
1755 1965 1828 1999 pro·

1087 2010 1216 2043 cedeie.

1130 2063 1144 2107 ἓ
1168 2063 1222 2096 11.
1241 2062 1376 2096 Romam
1401 2071 1530 2105 quoque
1552 2060 1760 2095 advenientes
1785 2060 1887 2111 abssng·
1889 2066 1983 2112 2221111'12
1986 2073 2016 2086 ΙΙΙ

1086 2117 1234 2150 omnibus
1260 2126 1320 2160 per
1338 2125 1577 2159 quemcumque
1602 2114 1745 2148 iudicem
1773 2090 1855 2163 vel?

1827 203 1875 228 An.
1893 202 1920 227 C.
1946 201 2010 229 tiztt‘l

1845 1086 1847 1088 Ι
1869 1058 1927 1080 Altae
1943 1059 2015 1079 con-ti-

1835 1089 1910 1107 ῑιῠμυθ.

1878 2120 2016 2144 qeti

1995 2099 2016 2113 a

1970 2146 2017 2191 nvvl

1086 2171 1164 2204 alias
1197 2169 1519 2214 quomodocumque,
1545 2176 1611 2202 non
1647 2173 1754 2202 tamen
1790 2125 1882 2202 ίηὸὓῖῗ
1884 2173 1947 2192 ΙΙΙΙΙΙ
1937 2179 1968 2192 ΙΙΙ

1085 2224 1229 2257 Romana
1260 2222 1354 2256 Curia
1380 2220 1571 2255 nominatim
1596 2222 1822 2264 promulgatis,

1085 2289 1141 2311 seu
1166 2277 1242 2310 alibi
1259 2275 1472 2320 promulgatis
1493 2280 1524 2308 et
1547 2274 1580 2306 in
1599 2275 1710 2308 eadem
1729 2274 1823 2308 Curia

1085 2330 1220 2364 notoriis
1246 2329 1392 2363 censuris
1412 2328 1464 2370 (ad
1491 2326 1640 2360 effectum
1659 2328 1823 2361 dumtaxat

1084 2390 1118 2416 ut
1134 2383 1368 2425 indulgentias,
1388 2391 1480 2413 sacra
1493 2380 1588 2413 Urbis
1606 2381 1679 2413 loca
1696 2379 1767 2423 pie¹
1785 2391 1822 2414 ac

1084 2437 1239 2479 religiose
1263 2434 1478 2468 invisentibus
1509 2444 1692 2474 concessas,
1718 2433 1822 2467 libere

1085 2497 1115 2524 et
1138 2491 1226 2524 licite
1251 2489 1408 2532 consequi
1432 2489 1578 2528 valeant,
1611 2487 1700 2527 itaut,
1726 2487 1821 2520 simul

1084 2555 1119 2578 ac
1134 2542 1353 2586 indulgentias
1366 2541 1527 2585 praefatas
1546 2540 1740 2584 consequuti
1756 2540 1810 2572 sue

1125 2607 1134 2633 l
1157 2605 1224 2633 Male
1241 2604 1307 2632 edit.
1323 2603 1409 2632 Mein.
1426 2602 1489 2638 legit
1501 2602 1553 2638 pia
1568 2602 1608 2637 (n.
1624 2601 1672 2637 T.).
