2227 3225
71 245 118 270 Au.
134 243 162 271 C.
186 242 249 270 1691

115 2042 191 2061 Preces
202 2041 221 2060 et
233 2039 272 2060 suf-

88 2067 154 2089 srauia
179 2067 272 2087 Clemen-

852 240 1060 263 txxocm‘rttjs
1086 240 1126 263 Xll
1153 240 1198 262 ΓΡ.

1681 232 1744 265 18ῑῖ

267 292 428 335 siquidem
461 290 592 323 extensa
624 294 656 322 et
679 289 834 331 aequata,
861 287 1002 320 naturali
1024 293 1026 327 ζ
1047 293 1077 319 et
1102 286 1266 319 Adelaidis
1293 287 1362 318 eius
1386 288 1554 329 coniugis,
1581 290 1782 332 aliorumque

267 344 399 387 insuper
416 344 526 376 colore
543 341 701 386 praedita,
720 352 756 374 ac
773 341 798 373 si
818 340 874 373 tali
889 340 1002 373 morbo

267 407 434 440 nunquam
461 396 589 428 invasus
615 395 737 427 suisset.

311 450 453 483 Tertium
486 449 625 492 denique
641 475 648 487 ,
673 447 757 490 quod
791 452 840 479 cst
863 446 1002 490 primum

267 513 440 547 processus
459 502 605 540 Romani,
625 501 745 533 Nicolai
764 500 820 533 filii
840 500 929 533 ducis
947 499 1005 532 Ga-

268 556 372 598 sparis
398 554 570 594 Call'arelli,
590 553 654 597 qui,
674 553 755 585 febri
773 553 914 595 maligna
934 563 1004 585 cor-

268 614 401 651 reptus,
425 607 634 640 convulsione
667 617 739 638 cum
765 605 949 638 intensione
975 610 1006 637 ct

270 661 458 694 extensione
491 670 667 698 manuum,
696 658 813 702 pedum
847 663 878 690 et
903 657 1005 690 trunci

272 715 369 747 totius
401 713 545 756 corporis
571 713 672 745 instar
703 711 836 750 sirenis,
863 710 1006 743 thoracis

274 767 427 800 musculis
444 765 617 804 convulsis,
632 765 751 807 absque
769 765 907 806 loquela,
924 763 1006 796 aliis-

274 829 336 861 que
361 818 602 851 infirmitatibus
624 822 655 850 et
679 816 948 860 symptomatibus
968 817 1008 848 le-

273 871 414 904 thalibus
440 880 630 914 opp1·essuS‚
648 869 769 901 viribus
794 868 1006 911 consumptis,

274 929 305 957 et
322 935 339 956 a
363 923 497 956 medicis
524 923 740 965 proclamatus
761 921 861 953 veluti
882 921 1009 953 eadem-

274 983 341 1010 met
367 982 459 1009 nocte
484 975 728 1018 vigesimanona
764 984 841 1006 suae
877 973 1009 1006 infirmi-

275 1029 349 1062 tatis
374 1029 565 1067 moriturus,
585 1027 702 1060 emisso
728 1027 857 1059 tandem
875 1032 945 1059 voto
963 1026 1010 1058 di-

275 1089 327 1116 cto
353 1083 462 1121 Beato,
487 1081 539 1124 qui
558 1080 604 1113 illi
621 1079 719 1112 radiis
736 1085 767 1112 et
783 1079 1009 1122 splendoribus

276 1134 488 1168 circumfusus
513 1134 675 1176 apparuit,
697 1132 804 1164 statim
841 1137 870 1164 et
900 1132 1011 1163 incon-

278 1188 393 1220 tinen-u
430 1198 550 1226 sanus,
587 1186 757 1218 incolumis
792 1190 823 1217 et
857 1185 1010 1217 robustus

277 1245 460 1284 compertus
485 1245 548 1278 est,
575 1250 646 1271 cum
678 1238 863 1271 omnimoda
897 1237 1011 1269 virium

277 1292 544 1336 recuperatione,
571 1302 673 1333 aeque
710 1301 746 1322 ac
775 1290 801 1321 si
829 1290 1011 1322 huiusmodi

277 1345 398 1378 morbis
423 1355 588 1387 nunquam
606 1344 794 1381 laborasset,
810 1343 942 1375 medicis
962 1353 1013 1374 ex-

277 1398 422 1440 terisque
458 1397 537 1430 illud
573 1395 825 1434 admirantibus,
851 1401 883 1427 et
913 1395 1011 1427 Deum

276 1450 458 1483 mirabilem
483 1449 515 1482 in
534 1459 627 1481 servo
653 1459 712 1481 suo
737 1448 1010 1480 collaudantibus.

322 1502 524 1546 Quapropter
538 1503 650 1534 eadem
664 1500 887 1543 Congregatio,
906 1500 1013 1532 accitis

279 1556 398 1590 iterum
435 1555 685 1593 consultoribus,
711 1555 838 1587 censuit
868 1554 1012 1586 unanimi

277 1616 360 1648 voto,
376 1610 422 1642 sic
437 1614 601 1641 annuente
616 1608 730 1640 eodem
745 1607 907 1640 Clemente
927 1618 1015 1650 prae-

279 1664 459 1701 decessore,
486 1672 581 1705 posse
607 1661 877 1703 quandocumque
903 1661 942 1693 ad
967 1671 1016 1692 so-

279 1718 420 1750 lemnem
438 1715 514 1748 dicti
529 1715 615 1747 Beati
634 1714 913 1747 canonizationem
930 1714 1015 1746 iuxta

279 1769 375 1801 ritum
412 1767 514 1800 dictae
553 1772 681 1799 sanctae
714 1767 877 1799 Romanae
909 1767 1016 1799 Eccle-

282 1822 348 1854 siae
367 1832 402 1854 ac
421 1831 584 1853 sacrorum
610 1830 770 1852 canonum
796 1820 923 1852 decreta
949 1826 1016 1852 tuto

282 1873 446 1914 (leveniri,
473 1883 612 1916 eumque
644 1883 714 1904 cum
740 1872 803 1905 Deo
829 1878 1015 1914 regnantem

283 1926 426 1967 definiri,
454 1925 628 1958 universali
654 1925 817 1957 Ecclesiae
842 1925 1015 1957 colendum

283 1983 315 2011 et
338 1979 560 2011 venerandum
584 1978 736 2021 proponi.

326 2032 341 2074 ἓ
366 2031 418 2063 91.
447 2032 684 2064 Accedentibus
703 2031 812 2074 itaque
838 2030 1017 2063 carissimo-

87 2097 101 2113 i·
121 2093 137 2114 x
151 2099 189 2118 11¹⁰
209 2098 271 2112 cano·
283 2095 354 2117 rum
371 2085 403 2117 in
420 2083 559 2118 Christo¹
575 2090 773 2124 nostrorum,
790 2090 863 2116 tunc
876 2094 1015 2123 suorum,

88 2122 192 2140 nmatione
201 2119 272 2139 oblata

89 2148 154 2167 tuere.

283 2137 440 2180 Leopoldi
466 2137 684 2170 Rornanorum
714 2136 797 2179 regis
823 2137 855 2168 in
880 2137 1017 2179 impera-

285 2195 385 2223 torem
411 2190 524 2230 electi,
550 2190 653 2223 Caroli
679 2189 907 2232 Hispaniarum
933 2190 1018 2232 regis

282 2243 434 2276 catholici
469 2248 501 2276 et
532 2243 714 2275 Mariannae
746 2243 877 2285 reginae
905 2243 1016 2275 viduae

282 2297 350 2329 eius
376 2295 507 2335 matris,
538 2306 668 2328 necnon
701 2301 776 2328 tune
808 2296 840 2328 in
868 2296 1016 2328 humanis

282 2350 406 2391 agentis
426 2349 514 2381 ducis
534 2355 564 2382 et
581 2349 791 2391 Reipublicae
808 2349 1015 2387 Venetorum,

283 2412 318 2434 ac
341 2402 446 2434 bonae
471 2402 647 2434 memoriae
672 2401 866 2433 Ferdinandi
891 2401 1015 2441 Mariae,

283 2454 358 2486 dum
384 2453 471 2493 vixit,
487 2453 656 2496 utriusque
681 2454 829 2486 Bavariae
852 2454 948 2493 ducis
971 2464 1018 2486 sa-

284 2506 329 2539 cri
355 2506 488 2539 Romani
511 2506 639 2550 Imperii
657 2506 815 2550 principis
833 2506 1014 2547 electoris2,

321 2577 331 2602 1
355 2576 434 2603 Deest
455 2585 502 2603 vox
520 2577 649 2611 filiorum
669 2577 706 2610 (R.
723 2577 769 2609 T.).

320 2620 337 2649 2
355 2620 423 2648 Edit.
441 2620 518 2649 Main.
539 2621 602 2658 legit
621 2621 782 2650 electoralis
800 2622 839 2657 (R.
855 2623 903 2657 Τ.).

1046 340 1231 383 principum
1257 340 1528 379 christianorum,
1556 350 1681 373 necnon
1708 348 1783 375 tunc

1047 393 1212 425 existentis
1244 392 1420 436 praepositi
1454 393 1616 435 generalis
1650 394 1783 427 clerico-

1047 456 1116 478 rum
1134 445 1330 488 regularium
1346 445 1473 478 nomiue
1489 445 1584 478 totius
1597 446 1732 484 Ordinis,
1747 458 1783 479 ac

1048 499 1178 531 demum
1205 498 1341 531 civitatis
1372 498 1601 541 Neapolitanae
1633 499 1782 541 precibus

1048 552 1233 595 (postquam
1248 552 1410 594 praefatus
1421 551 1525 583 bonae
1537 551 1710 583 memoriae
1725 552 1783 583 An-

1049 604 1156 637 tonius
1174 608 1249 636 tunc
1272 604 1445 646 episcopus
1471 603 1695 636 Praenestinus
1716 614 1784 636 car-

1049 657 1166 689 dinalis
1192 657 1387 689 Barberinus
1415 662 1638 699 nuncupatus,
1659 657 1725 689 vice
1743 656 1785 688 si-

1048 710 1132 743 milis
1147 710 1322 742 memoriae
1345 709 1445 742 Martii
1465 709 1610 752 episcopi
1630 710 1785 742 Portuen-

1049 763 1091 795 sis
1116 763 1288 795 cardinalis
1313 762 1429 795 Ginetti
1454 762 1640 804 nuncupati,
1663 773 1786 794 memo-

1050 821 1138 848 ratae
1157 815 1426 858 Congregationis
1455 815 1610 858 praefecti
1632 842 1638 854 ‚
1671 815 1785 847 morbo

1051 875 1125 901 tunc
1150 868 1283 909 detenti,
1309 879 1461 900 summam
1480 878 1658 910 processus,
1681 879 1786 900 suani-

1051 933 1113 964 que
1139 927 1168 954 et
1193 921 1488 954 aliorumsuorum
1517 921 1714 963 collegarum
1739 921 1787 954 di-

1051 981 1120 1008 ctae
1138 976 1169 1008 S.
1190 975 1226 1007 R.
1251 975 1283 1007 E.
1312 974 1522 1007 cardinalium
1547 974 1649 1007 sacris
1673 974 1786 1006 ritibus

1052 1029 1314 1072 praepositorum
1339 1027 1542 1066 sententiam,
1563 1027 1614 1059 cui
1640 1027 1737 1060 ceteri
1756 1027 1787 1059 in

1053 1082 1168 1114 eodem
1194 1081 1390 1114 consistorio
1422 1086 1612 1124 praesentes
1641 1080 1788 1112 cardina-

1053 1136 1099 1167 les
1125 1134 1269 1166 unanimi
1295 1134 1512 1166 adhaeserunt
1536 1131 1705 1174 suffragio,
1738 1143 1789 1165 rc-

1055 1188 1179 1226 tulerat,
1198 1192 1229 1219 et
1252 1187 1284 1218 in
1303 1186 1449 1229 sequenti
1475 1186 1604 1228 publico
1629 1185 1790 1218 consisto-

1054 1241 1102 1272 rio
1120 1267 1126 1279 ,
1149 1251 1221 1283 quo,
1241 1245 1373 1283 praeter
1398 1239 1577 1272 cardinales
1602 1239 1764 1282 praefatos
1781 1265 1789 1278 ,

1055 1294 1150 1326 etiam
1175 1293 1350 1336 supradicti
1376 1292 1598 1334 patriarchae,
1629 1291 1790 1334 archiepi-

1055 1345 1166 1388 scopi,
1192 1345 1337 1388 episcopi
1363 1345 1395 1376 in
1419 1344 1503 1377 Urbe
1529 1349 1764 1376 commorantes
1780 1371 1787 1384 ‚

1056 1409 1090 1430 ae
1115 1398 1223 1430 dilecti
1248 1397 1305 1430 filii
1334 1397 1475 1429 Romane
1500 1396 1616 1429 Curiae
1641 1397 1789 1439 praelati,

1057 1451 1223 1493 ipsiusque
1256 1449 1429 1483 Clementis
1463 1449 1723 1492 praedecessoris
1749 1450 1792 1481 sa-

1057 1504 1199 1537 miliares
1224 1507 1452 1540 convenerant,
1479 1503 1616 1535 dilectus
1641 1502 1735 1535 etiam
1757 1501 1792 1533 fi-

1057 1557 1117 1590 lius
1148 1557 1302 1599 magister
1327 1556 1494 1588 Marcellus
1518 1555 1702 1594 Severolus,
1735 1565 1794 1587 no-

1057 1616 1152 1649 strae,
1170 1616 1245 1642 tunc
1269 1619 1354 1647 suae,
1371 1607 1603 1640 consistorialis
1629 1609 1719 1640 aulae
1738 1607 1793 1639 ad-

1058 1669 1197 1702 vocatus,
1217 1662 1255 1695 de
1278 1662 1364 1695 Beati
1389 1661 1447 1694 viri
1474 1661 1545 1699 vita,
1570 1661 1739 1693 virtutibus
1763 1667 1795 1693 et

1058 1716 1220 1749 miraculis
1247 1715 1382 1753 dixerat,
1407 1725 1441 1746 ac
1465 1714 1683 1756 praefatorum
1716 1714 1794 1746 Leo-

1058 1770 1148 1813 poldi
1170 1769 1389 1801 Romanorum
1409 1768 1493 1810 regis
1510 1767 1542 1799 in
1564 1767 1793 1809 imperatorem

1059 1822 1169 1861 electi,
1196 1820 1298 1853 Caroli
1323 1820 1549 1863 Hispaniarum
1574 1819 1659 1861 regis
1684 1819 1795 1851 catho-

1059 1875 1123 1915 lici,
1152 1880 1227 1907 tunc
1252 1875 1285 1906 in
1309 1873 1458 1906 humanis
1484 1872 1610 1915 agentis
1637 1872 1736 1911 ducis,
1763 1877 1795 1904 et

1060 1928 1267 1971 Reipublicae
1287 1927 1492 1965 Venetorum,
1512 1931 1543 1958 et
1560 1925 1687 1958 Ordinis
1705 1925 1796 1958 cleri-

1059 1991 1172 2014 corum
1198 1979 1395 2021 regularium
1420 1979 1585 2022 supplices
1609 1988 1722 2021 preces
1747 1978 1795 2010 in-

1060 2034 1284 2075 stauraverat),
1302 2033 1388 2065 idem
1402 2032 1550 2065 Clemens
1562 2031 1796 2074 praedecessor

1060 2087 1220 2119 eiusmodi
1258 2096 1371 2128 preces
1408 2084 1612 2128 perlibenter
1643 2083 1792 2126 excepit,

1060 2139 1174 2182 quibus
1188 2139 1331 2182 supremi
1346 2137 1526 2170 sanctitatis
1540 2137 1682 2169 honores
1698 2136 1794 2169 beato

1061 2193 1126 2225 viro
1146 2192 1386 2235 expetebantur:
1406 2196 1436 2223 et
1457 2191 1541 2222 sicut
1564 2190 1692 2232 gavisus
1713 2200 1797 2221 sum-

1060 2256 1193 2288 mopere
1209 2245 1268 2276 suit
1284 2244 1456 2276 excitatum
1473 2243 1576 2275 eidem
1596 2243 1795 2285 triumphum

1061 2298 1316 2330 aniuuidvertere
1353 2297 1385 2328 in
1412 2295 1577 2338 obsequiis
1609 2295 1795 2338 principum

1060 2356 1091 2382 et
1116 2350 1149 2382 in
1173 2350 1381 2383 veneratione
1411 2349 1608 2391 populorum
1625 2374 1632 2387 ‚
1658 2347 1701 2379 ita
1725 2347 1795 2379 iure

1061 2404 1175 2436 merito
1202 2403 1269 2435 sore
1296 2401 1429 2435 contidit
1460 2406 1495 2433 ut
1520 2401 1640 2433 imitari
1665 2411 1731 2433 non
1749 2400 1796 2443 pi-

1061 2460 1151 2498 geret
1175 2465 1270 2497 quem
1295 2454 1460 2486 celebrare
1487 2453 1681 2486 delectabat.

1103 2508 1117 2550 ξ
1141 2507 1195 2540 ⁶2⁶2.
1221 2506 1300 2545 Quia
1319 2513 1424 2539 tamen
1445 2507 1476 2538 in
1494 2506 1622 2538 maximi
1639 2505 1793 2538 momenti

1061 2562 1190 2603 negotio
1215 2560 1302 2593 lllius
1328 2565 1397 2592 erat
1421 2559 1620 2602 exploranda
1639 2559 1792 2595 voluntas,

1061 2613 1114 2658 qui
1133 2613 1322 2647 Sanctorum
1338 2613 1556 2657 principatum
1570 2616 1668 2650 tenet,
1682 2620 1794 2644 omnes

1790 241 1837 266 An.
1860 241 1887 268 (J.
1908 242 1968 269 100¹.

1831 2510 1898 2536 Opera
1911 2510 1944 2535 pia
1959 2516 1989 2529 tu-

1804 2539 1861 2557 ιέιιία.
1877 2539 1965 2557 luerunt.
