2254 3225
208 210 255 236 Aa.
278 208 304 236 C.
331 208 395 236 twa

230 1170 348 1192 clausulae.

231 1909 386 1931 Contrariorum

204 1936 320 1961 derogatio.

444 199 506 233 7:3⁵³
979 208 1157 233 BULLARIUM

398 258 538 291 sentium
572 257 741 291 dumtaxab
764 258 1047 301 consequendum,
1080 258 1136 290 ha-

396 322 467 344 rum
489 311 572 345 serie
593 312 798 345 absolventes
824 316 855 345 et
879 312 1041 345 absolutas
1066 311 1134 344 {bre

398 369 580 406 censentes,
608 365 902 409 supplicationibus
934 375 1048 398 eorum
1079 374 1135 397 no-

396 418 484 451 mine
508 418 603 452 nobis
628 429 725 461 super
750 419 813 452 hoc
838 418 1009 451 humiliter
1025 427 1135 460 porre-

398 471 458 505 ctis
484 471 642 513 inclinati,
666 472 869 515 praeinserta
894 470 970 503 dicti
995 469 1134 503 ministri

398 526 562 568 generalis
587 525 729 565 decreta,
749 535 767 557 a
790 525 965 557 memorata
990 522 1135 556 cardina-

398 579 477 611 lium
503 577 761 620 Congregatione
793 581 828 609 ut
852 576 1038 619 praefertur
1062 585 1136 608 con-

397 630 531 671 firmata,
556 640 686 663 necnon
711 640 771 673 pro
804 639 918 662 eorum
944 627 1134 661 executione

398 689 430 716 et
458 684 664 717 observantia
700 687 884 716 emanatum
914 693 932 716 a
967 681 1134 725 praedicto

397 737 551 770 Marcello
576 735 825 779 archiepiscopo
843 741 874 769 et
891 735 1003 768 nuntio
1025 735 1135 768 decre-

399 796 467 823 tum
507 790 618 823 itidem
654 789 907 833 praeinsertum,
942 789 1133 822 auctoritate

397 843 584 887 apostolica,
612 848 726 876 tenore
752 843 983 885 praesentium,
1016 852 1134 886 appro-

397 896 512 929 bamus
540 901 571 929 et
595 896 839 936 confirmamus,
873 895 1002 939 illisque
1034 895 1134 929 invio-

397 949 504 983 labilis
529 950 727 993 apostolicae
754 948 912 981 firmitatis
935 948 1036 981 robur
1060 949 1135 982 adii-

398 1001 510 1042 cimus,
526 1012 560 1034 ac
579 1012 689 1035 omnes
708 1006 738 1035 et
755 1001 901 1044 singulos
920 1001 999 1034 iuris
1017 1006 1048 1034 et
1061 1001 1134 1034 sacti

398 1054 554 1095 desectus,
583 1054 607 1087 si
641 1055 694 1097 qui
724 1055 865 1097 desuper
891 1054 1136 1098 quomodolibet

397 1107 641 1148 intervenerint,
667 1108 869 1150 supplemus.

441 1161 456 1203 ἓ
480 1160 511 1193 3.
538 1161 766 1200 Decernentes,
793 1161 924 1193 easdem
949 1165 1136 1204 praesentes

397 1213 524 1247 litteras
549 1224 679 1257 semper
703 1213 819 1254 sirmas,
845 1214 967 1247 validas
1003 1219 1036 1248 et
1071 1214 1137 1248 effi-

399 1277 490 1300 caces
508 1267 644 1300 existere
663 1272 693 1300 ct
712 1268 792 1308 sore,
813 1278 954 1311 suosque
972 1268 1136 1311 plenarios

398 1326 429 1354 et
452 1320 598 1363 integros
623 1320 756 1353 effectus
788 1320 896 1354 sortiri
921 1326 952 1354 et
976 1320 1134 1361 obtinere,

398 1383 433 1406 ac
457 1373 532 1413 illis,
554 1374 593 1406 ad
614 1383 692 1416 quos
718 1378 843 1416 spectat
863 1379 894 1406 et
910 1384 967 1416 pro
993 1379 1135 1417 tempore

399 1427 669 1470 quandocumque
689 1426 861 1469 spectabit,
876 1426 1061 1469 plenissime
1076 1427 1137 1459 sus-

400 1479 529 1521 sragari,
557 1483 587 1511 et
612 1479 650 1511 ab
677 1478 722 1511 eis
748 1479 924 1521 respective
943 1479 1136 1512 inviolabili-

399 1537 447 1565 ter
472 1531 639 1564 observari
657 1559 663 1572 ,
691 1532 801 1575 sieque
819 1531 852 1564 in
877 1532 1060 1575 praemissis
1079 1542 1136 1575 per

398 1595 621 1628 quoscumque
649 1584 769 1617 iudices
795 1584 977 1617 ordinarios
998 1589 1030 1618 et
1050 1584 1137 1618 dele-

399 1643 500 1681 gatos,
527 1638 623 1671 etiam
649 1648 820 1670 causarum
837 1637 947 1681 palatii
966 1637 1136 1680 apostolici

398 1691 584 1731 auditores,
612 1690 747 1723 iudicari
774 1696 805 1724 et
838 1689 964 1723 definiri
990 1691 1109 1724 debere
1127 1718 1134 1731 ,

398 1754 434 1777 ac
460 1743 586 1776 irritum
612 1748 643 1776 ct
661 1743 763 1784 inane,
790 1744 816 1776 si
841 1753 934 1776 secus
960 1754 1061 1786 super
1085 1743 1135 1776 his

398 1809 415 1830 a
440 1807 611 1841 quoquam,
635 1796 744 1840 quavis
765 1796 967 1836 auctoritate,
995 1797 1137 1830 scienter

397 1851 446 1883 vel
468 1850 666 1892 ignoranter,
694 1849 866 1892 contigerit
891 1849 1053 1882 attentari.

441 1904 455 1947 ἓ
481 1902 512 1935 4.
540 1902 609 1935 Non
627 1902 830 1935 obstantibus
851 1902 1137 1936 constitutionibus

398 1962 429 1991 et
454 1955 714 1990 ordinationibus
739 1956 938 1999 apostolicis,
958 1961 1136 1999 ac,quate-

398 2020 459 2042 nus
472 2019 554 2052 opus
572 2009 621 2048 sit,
641 2008 827 2051 provinciae
846 2014 877 2042 et
897 2008 1025 2042 Ordinis
1043 2020 1137 2052 prae-

398 2063 566 2101 dictorum,
594 2062 691 2094 etiam
717 2062 920 2103 iuramento,
955 2062 1132 2096 confirma-

399 2117 486 2149 tione
505 2115 693 2159 apostolic:i‚
707 2116 756 2149 vel
773 2116 883 2160 quavis
902 2115 1056 2149 firmitate
1072 2116 1135 2149 alia

398 2168 576 2209 roboratis,
606 2168 732 2201 statutis
768 2174 799 2201 et
823 2169 1136 2210 consuctudinibus,

398 2221 578 2265 privilegiis
611 2231 754 2264 quoque,
790 2221 925 2254 indultis
957 2227 988 2254 et
1021 2222 1136 2255 litteris

399 2273 588 2317 apostolicis
612 2273 644 2306 in
666 2274 863 2306 contrarium
881 2271 1135 2317 praemissorum

400 2327 649 2372 quomodolibet
684 2329 857 2366 concessis,
885 2328 1082 2362 confirmatis
1106 2335 1137 2363 et

400 2380 576 2421 innovatis;
605 2380 723 2424 quibus
749 2380 900 2413 omuibus
926 2387 957 2414 et
983 2381 1134 2425 singulis,

400 2436 530 2469 illorum
551 2440 681 2467 tenores
705 2434 934 2478 praesentibus
953 2445 1013 2478 pro
1039 2437 1134 2478 plene

401 2494 432 2522 et
456 2487 652 2521 sufficienter
688 2487 847 2530 expressis
872 2498 908 2520 ac
933 2489 971 2521 ad
1001 2489 1135 2522 verbum

402 2541 533 2574 insertis
561 2541 728 2581 babentes,
754 2540 816 2573 illis
840 2540 917 2573 alias
943 2541 975 2573 in
1003 2551 1060 2575 suo
1077 2552 1136 2575 ro-

400 2595 477 2627 bore
502 2592 729 2637 permansuris,
751 2593 789 2627 ad
815 2593 1071 2637 praemissorum
1092 2595 1136 2628 es·
1156 2632 1160 2638 Δ

1183 207 1337 232 ROMANUM

1177 257 1306 296 sectum,
1336 253 1397 288 hac
1429 253 1497 287 vice
1529 253 1702 295 dumtaxat,
1730 252 1914 298 specialiter

1177 314 1210 342 et
1225 317 1376 352 expresse
1394 306 1587 350 derogamus
1604 318 1612 349 ;
1631 307 1813 351 ceterisque
1838 317 1914 341 con-

1177 362 1283 395 trariis
1309 360 1579 404 quibuscumque.

1220 415 1332 448 Datum
1350 414 1484 455 Romae,
1503 414 1586 457 apud
1612 414 1644 448 S.
1667 414 1796 448 Mariam
1816 415 1915 449 Maio-

1177 478 1259 508 rem,
1274 467 1333 500 sub
1347 468 1467 501 annulo
1482 467 1667 508 Piscatoris,
1685 468 1737 501 die
1752 479 1788 501 xx
1806 469 1915 502 ianua·

1177 521 1216 554 rii
1234 530 1384 563 uncxcw,
1403 520 1608 564 pontificatus
1625 520 1729 554 nostri
1747 531 1831 554 anno
1850 532 1878 554 V.

1214 582 1272 609 Dat.
1294 581 1337 609 die
1352 582 1386 610 20
1402 581 1516 609 ianuarii
1531 581 1611 615 1696,
1627 581 1723 617 pontif.
1740 589 1810 610 anno
1825 589 1851 609 v.

1921 206 1969 232 An.
1992 206 2019 234 C.
2037 207 2103 233 tit-00

1479 697 1608 732 CXXIV.

1179 768 1425 811 Confirmanlur
1449 768 1575 803 decreta
1602 770 1725 813 prioris
1752 771 1914 813 yeneralis

1222 821 1357 855 Ordinis
1383 822 1636 856 Carmelitarum
1667 833 1725 867 pro
1744 824 1914 867 provincid

1220 875 1449 919 Portuqalliae
1472 874 1492 909 ¹.

1351 945 1544 973 Innocentius
1566 947 1646 980 Papa
1667 946 1731 981 xn,

1318 989 1353 1016 ad
1373 989 1505 1017 futuram
1523 991 1569 1017 rei
1589 991 1774 1018 memoriam.

1222 1050 1236 1094 ἓ
1254 1051 1284 1084 'l.
1304 1050 1428 1095 Exponi
1454 1051 1548 1085 nobis
1566 1063 1670 1095 nuper
1684 1052 1762 1086 feeit
1779 1053 1916 1087 dilectus
1976 1065 2109 1096 inzequenaa

1178 1103 1409 1138 filiusloannes
1426 1105 1547 1139 Feixoo
1563 1106 1602 1139 de
1615 1106 1807 1147 Villalobos,
1825 1093 2013 1151 p1·ior‘f'1ie'}‘gii¹2
2023 1093 2109 1141 fill-2:11³.

1179 1158 1342 1199 generalis
1358 1158 1487 1192 Ordinis
1506 1159 1641 1194 fratrum
1664 1160 1777 1193 beatae
1799 1148 2011 1194 alai-iae{?2¹12?“⁹
2025 1151 2109 1172 ‘'⁹²⁸¹''

1179 1210 1217 1243 de
1244 1210 1349 1245 Monte
1375 1211 1541 1254 Carmelo,.
1561 1213 1650 1256 quod
1678 1212 1760 1256 ipse,
1786 1213 1818 1246 in
1844 1214 1916 1247 visi-

1180 1263 1300 1296 tatione
1328 1275 1424 1308 quam
1449 1265 1527 1298 alias
1547 1265 1622 1298 fecit
1639 1266 1824 1309 provinciae
1844 1267 1916 1300 Por-

1180 1317 1330 1359 tugalliae
1356 1317 1431 1350 dicti
1456 1317 1597 1359 Ordinis,
1618 1329 1679 1362 pro
1693 1321 1916 1353 conservanda

1179 1374 1209 1402 et
1233 1370 1381 1412 augenda
1405 1370 1437 1402 in
1461 1371 1628 1414 provincia
1653 1372 1838 1406 huiusmodi
1865 1384 1915 1406 re-

1179 1423 1281 1465 gulari
1314 1424 1542 1466 observantia,
1574 1424 1613 1457 de
1635 1435 1794 1458 consensu
1820 1426 1916 1460 totius

1181 1475 1356 1508 definitorii
1376 1476 1522 1510 eiusdem
1540 1477 1737 1521 provinciae,
1759 1481 1915 1513 nonnulla

1178 1529 1306 1562 decreta
1326 1529 1426 1563 edidit
1451 1531 1573 1564 tenoris
1599 1531 1652 1575 qui
1677 1532 1844 1576 sequitur,
1869 1533 1914 1566 vi-

1179 1581 1320 1615 delicet:

1228 1646 1240 1667 «
1272 1635 1383 1667 Frater
1407 1635 1541 1670 loannes
1566 1636 1686 1671 Feixoo
1712 1638 1750 1671 de
1783 1638 1915 1672 Villalo-
1941 1647 2105 1677 >¹³·c1w·¹1·i=r÷·‹2·

1178 1688 1244 1727 bos,
1270 1697 1382 1721 sacrae
1420 1689 1581 1731 teologiae
1612 1690 1768 1733 magister
1800 1701 1835 1724 ac
1860 1674 1989 1724 liu-⁶¹⁶²*

1178 1740 1263 1773 milis
1289 1741 1377 1784 prior
1402 1743 1563 1784 generalis
1598 1748 1629 1776 et
1660 1743 1806 1776 visitator
1837 1755 1915 1788 apo-

1179 1793 1312 1826 stolicus
1351 1794 1447 1827 totius
1473 1794 1603 1828 Ordinis
1634 1796 1770 1830 fratrum
1802 1797 1915 1831 beatae

1179 1847 1294 1880 Mariae
1320 1847 1458 1890 Virginis
1488 1849 1527 1881 de
1553 1849 1659 1882 Monte
1692 1849 1837 1884 Carmelo
1863 1861 1917 1884 an-

1180 1901 1286 1944 tiquae
1311 1901 1533 1935 observantiae
1557 1903 1732 1945 regularis.

1223 1966 1235 1987 »
1255 1954 1328 1988 Cum
1348 1955 1386 1988 ad
1405 1955 1560 1989 maiorem
1574 1957 1678 1990 nostri
1692 1956 1821 1990 Ordinis
1839 1968 1916 1991 con-

1178 2008 1394 2041 servationem
1415 2013 1446 2042 et
1469 2010 1738 2053 propagationem
1763 2011 1846 2044 bene
1865 2022 1915 2045 sa-

1178 2062 1368 2106 pienterque
1400 2073 1417 2095 a
1451 2063 1629 2096 maioribus
1658 2064 1780 2097 nostris
1804 2065 1912 2098 sanci-

1180 2120 1245 2148 tum
1265 2116 1316 2155 sit,
1336 2116 1419 2159 quod
1438 2115 1470 2148 in
1488 2115 1626 2158 singulis
1644 2117 1820 2160 provinciis
1838 2117 1916 2151 fiant

1179 2169 1326 2212 quolibet
1350 2179 1435 2202 anuo
1460 2169 1735 2212 congregationes
1765 2170 1915 2205 definito-

1179 2222 1287 2262 riales,
1316 2232 1450 2265 quarum
1485 2232 1521 2255 ea
1554 2222 1730 2266 praecipua
1765 2233 1841 2256 cura
1875 2224 1916 2257 sit

1180 2286 1291 2309 omues
1319 2275 1437 2308 abusus
1470 2275 1586 2308 iniuria
1619 2280 1801 2319 temporum
1836 2276 1917 2311 irre-

1179 2334 1294 2372 pentes
1316 2329 1364 2361 vel
1384 2328 1550 2362 eliminare
1568 2328 1618 2361 vel
1643 2328 1803 2372 impedire
1818 2329 1915 2364 etiam

1213 2426 1225 2453 l
1246 2426 1276 2453 In
1292 2425 1375 2452 huius
1392 2425 1529 2452 Pontificis
1540 2428 1624 2452 const.
1639 2425 1683 2453 ed.
1696 2432 1815 2460 mcxcix,
1827 2426 1870 2454 die
1884 2428 1911 2455 tt

1179 2470 1306 2502 octobris,
1323 2470 1418 2505 pontis.
1435 2476 1464 2502 ιι,
1477 2473 1569 2496 extant
1588 2469 1697 2497 decreta
1718 2471 1788 2497 circa
1808 2472 1912 2505 studia;

1179 2519 1205 2542 ct
1224 2515 1250 2541 in
1266 2515 1411 2541 Clementis
1430 2515 1461 2541 xl
1482 2518 1567 2542 const.
1595 2515 1640 2542 ed.
1670 2522 1789 2550 MDCCVti,
1817 2516 1860 2543 die
1879 2517 1908 2544 31

1179 2559 1296 2593 augusti,
1318 2558 1410 2594 pontif.
1432 2565 1476 2593 vu,
1497 2559 1586 2594 agitur
1605 2559 1638 2587 de
1658 2559 1738 2587 liuius
1757 2560 1912 2596 provinciae

1179 2603 1312 2639 religiosis
1333 2603 1450 2630 musicis.
