2254 3225
199 246 250 274 An.
267 246 297 274 c.
320 245 387 274 1696
432 238 495 273 74⁶2
970 249 1149 275 normarum

391 297 496 327 officia.
513 296 631 335 Vinum,
648 297 852 338 quodcumque
875 301 902 329 et
924 299 1126 338 undecumque

391 346 576 386 proveniens,
596 347 626 377 in
642 347 744 378 cellam
760 347 901 378 vinariam
918 357 975 378 non
995 347 1127 378 introdu-

391 398 485 431 catur,
502 395 558 425 nisi
581 395 617 425 de
638 404 784 426 consensu
799 399 827 426 et
841 395 871 426 in
889 396 1055 435 praesentia
1072 395 1126 424 cla-

392 443 558 482 variorum,
582 444 631 483 qui
654 445 847 484 quantitatem
870 449 898 475 et
924 445 1033 475 exitum
1066 443 1126 473 sive

393 493 674 523 consummationem
696 493 854 523 introducti
880 492 1015 522 distincte
1036 491 1128 521 fideli·
1147 511 1148 527 ;

393 544 497 580 terque
518 541 656 571 adnotare
678 544 832 570 teneantur
853 541 884 570 in
913 540 989 570 libro
1015 539 1049 569 ad
1074 539 1127 568 hoc
1147 535 1148 545 ³

392 589 558 627 specialiter
579 589 727 628 deputato,
745 589 784 618 ita
801 589 877 627 quod
900 588 1010 618 utilitas
1032 587 1127 617 omnis

391 644 426 665 ex
449 637 515 667 vino
533 638 705 676 proveniens
727 637 810 667 cedat
825 637 855 666 in
871 637 997 666 savorem
1021 635 1128 675 ipsius·
1147 670 1148 684 χ

392 688 450 714 met
481 690 658 724 conventus,
682 694 740 715 non
768 689 865 715 autem
898 685 1049 724 priorum,
1074 683 1127 713 sub
1147 686 1148 718 t

393 735 486 772 poena
514 735 783 774 proprietariorum.
815 733 909 773 Super
934 733 1040 773 quibus
1063 735 1148 772 pro-1

393 781 532 812 vinciales
553 792 605 822 pro
629 786 759 822 tempore
777 782 940 821 invigilent,
958 787 986 812 et
1008 783 1037 812 in
1060 781 1128 811 visi·
1147 771 1148 793 ¹

392 830 501 860 tatione
518 831 661 861 rationem
683 831 718 861 de
741 822 877 861 omnib'us
893 831 1020 869 exigant.
1038 830 1128 860 Porro
1147 836 1148 839 ’

392 878 427 907 ad
450 879 580 918 priorum
613 879 784 909 charitatem
807 883 835 909 et
858 879 1039 919 prudentiam
1064 888 1128 918 per·
1147 872 1148 876 ¹

393 926 497 957 tinebit
520 928 701 967 temporibus
719 928 867 958 Adventus
890 932 917 958 et
939 927 1129 966 Quadragesi-

393 984 457 1005 mae
483 976 584 1006 vinum
617 977 773 1015 perfectius
805 976 1003 1006 communitati
1033 976 1129 1006 distri-

392 1023 492 1061 buere,
516 1029 548 1054 ut
566 1025 758 1055 ieiunantium
780 1025 946 1055 necessitati
967 1029 1128 1063 opportune

392 1073 572 1103 consulatur.

433 1130 491 1151 xvi.
516 1122 559 1151 Ad
581 1121 664 1161 plura
693 1126 722 1153 et
744 1123 862 1152 maximi
891 1131 960 1152 sane
991 1122 1129 1152 momenti

395 1170 578 1200 incommoda
601 1171 729 1209 vitanda,
749 1171 846 1201 nullus
861 1171 891 1200 in
914 1175 1061 1211 posterum
1084 1172 1131 1200 ad-

393 1219 470 1249 mitti
493 1220 583 1259 possit
605 1220 639 1248 ad
661 1220 832 1258 suffragium
855 1220 1005 1250 ferendum
1022 1220 1050 1250 in
1071 1220 1128 1249 ele·
1149 1214 1151 1255 l

393 1267 539 1297 ctionibus
569 1267 713 1297 sociorum
745 1268 874 1307 priorum
905 1269 938 1298 ad
971 1258 1152 1320 capitulum{

394 1316 571 1355 provinciale
593 1316 748 1354 iturorum,
769 1316 819 1355 qui
841 1316 1046 1346 duodecimum
1066 1326 1131 1356 pro·
1150 1321 1152 1338 ’ν

394 1364 530 1393 sessionis
552 1373 661 1393 annum
677 1374 735 1394 non
752 1364 953 1403 compleverit,
971 1364 1023 1394 sub
1040 1366 1129 1403 poena
1150 1355 1152 1367 ’

394 1412 537 1442 nullitatis
552 1413 714 1450 electionis,
732 1412 963 1452 quibuscumque
977 1414 1130 1443 contrariis
1150 1413 1152 1449 ξ

394 1469 452 1489 non
476 1460 669 1490 obstantibus.
694 1461 883 1500 Excipiuntur
901 1471 1000 1492 sacrae
1023 1462 1131 1492 theolo-

395 1508 459 1546 giae
481 1509 606 1538 lectores
628 1518 661 1538 ac
676 1514 870 1539 conventuum
893 1510 1071 1549 subpriores,
1095 1511 1130 1540 de
1150 1530 1151 1536 η

396 1566 519 1596 quorum
542 1557 717 1596 prudentia,
741 1557 801 1587 zelo
824 1567 857 1587 ac
879 1558 985 1596 pietate
1007 1559 1128 1594 contisi,

395 1605 539 1640 volumus,
563 1605 649 1644 quod,
672 1605 786 1635 etiamsi
816 1606 994 1645 praedictum
1018 1611 1130 1645 teinpus
1150 1624 1151 1633 t

396 1661 453 1682 non
470 1653 661 1692 expleverint,
678 1653 849 1691 suffragium
865 1657 961 1683 tamen
977 1654 1053 1684 serre
1067 1664 1131 1693 pos-

397 1701 476 1738 sint;
510 1701 597 1731 sicuti
630 1701 716 1731 etiam
744 1702 838 1740 quoad
871 1702 942 1732 alias
974 1703 1130 1732 electiones

397 1754 566 1788 ceterasque
610 1750 830 1779 communitatis
872 1751 1130 1781 determinationes

396 1797 470 1827 nihil
493 1797 672 1827 intendimus
694 1798 845 1828 innovare.

437 1854 504 1875 xvu.
529 1846 723 1884 Designantur
745 1856 797 1886 pro
818 1847 923 1878 studiis
945 1847 1130 1886 speculativis
1150 1859 1151 1865 ¹

397 1894 598 1934 philosophiae
613 1904 646 1924 ac
664 1895 826 1933 theologiae
849 1896 1004 1934 collegium
1017 1895 1130 1925 Conim-

397 1942 551 1982 bricense,
574 1953 686 1973 necnon
715 1944 835 1982 collegia
858 1944 970 1974 Eborac
985 1968 992 1982 ,
1016 1945 1130 1974 lllourae
1150 1949 1152 1971 ῖ

397 1995 425 2021 et
446 1992 672 2031 Ulyssiponense
689 2001 739 2031 pro
762 1992 866 2022 studiis
889 1993 1050 2031 theologiae
1073 2003 1131 2023 mo-

397 2041 466 2070 ralis
489 2041 650 2071 methodice
672 2051 686 2070 a
710 2041 866 2071 lectoribus
885 2042 1014 2080 quotidie
1035 2042 1132 2081 legen-

398 2089 470 2126 dae,
494 2099 617 2128 quorum
645 2099 720 2119 unus
743 2089 845 2120 Sacrae
874 2090 1052 2130 Scripturae,
1079 2091 1131 2121 Pa-

398 2140 532 2176 trumque
555 2147 657 2168 sensus
680 2139 824 2177 explicare
847 2142 999 2177 teneatur,
1024 2148 1057 2169 ac
1081 2149 1132 2178 per

399 2186 495 2216 onmia
517 2187 642 2216 decretis
665 2195 680 2216 a
703 2192 782 2226 patre
803 2188 933 2226 generali
956 2188 1026 2218 alias
1047 2189 1132 2219 editis

398 2234 429 2264 in
451 2235 553 2264 ordine
575 2235 610 2265 ad
626 2236 720 2265 studia
737 2240 764 2265 et
779 2245 793 2265 a
809 2236 992 2266 sanctissimo
1014 2237 1131 2267 domino

398 2287 498 2312 nostro
535 2282 705 2313 Innocentio
741 2284 789 2314 XII
832 2285 968 2324 pontifice
1007 2286 1131 2316 maximo

398 2332 579 2361 confirmatis
611 2331 664 2362 sub
695 2332 741 2362 die
767 2341 795 2362 xl
821 2333 947 2363 octobris
974 2342 1092 2364 nncxcn
1110 2337 1129 2364 ¹.
1151 2342 1153 2349 ¹

398 2379 605 2411 Conclusiones
634 2389 686 2420 pro
713 2380 832 2411 lecturis
860 2381 1025 2411 obtinendis
1046 2383 1132 2413 susti-

398 2429 512 2458 nendae
533 2428 591 2459 sint
620 2432 678 2458 tros
700 2429 734 2458 ad
756 2429 867 2466 minus,
891 2433 918 2459 et
948 2430 1063 2469 publice
1085 2432 1131 2461 de-

398 2476 555 2509 fendantur
577 2477 606 2507 in
629 2477 758 2516 collegiis
780 2478 1007 2509 Conimbrieensi
1022 2503 1029 2517 ‚
1053 2479 1130 2519 Ulys-

399 2526 549 2566 siponensi
573 2530 601 2556 et
623 2526 776 2564 Eborcnsi‚
795 2527 837 2556 vel
864 2527 893 2557 in
917 2528 1042 2567 capitulo
1067 2538 1131 2568 pro-

400 2575 529 2606 vinciali.
550 2575 604 2606 Eae
627 2586 693 2606 vero
715 2586 772 2606 non
796 2577 956 2615 seligantur
977 2587 1008 2606 ex
1031 2578 1130 2608 eodem

436 2631 447 2656 t
470 2629 602 2657 Periodus
619 2629 749 2657 defectiva
766 2630 869 2657 videtur
884 2635 921 2665 (a.
938 2632 985 2664 Τ.>,

215 1140 242 1159 ἵνα
253 1141 315 1160 <ociis
326 1139 382 1165 prio·

200 1173 252 1187 [ιιῑιι.

240 1862 269 1882 De
285 1862 387 1889 collegiis,

206 1889 319 1909 lectoribus
367 1891 387 1909 ct

203 1916 344 1937 studentibus,

1173 247 1328 274 ROMANUM

1168 298 1243 328 libro
1275 295 1508 332 Sententiarum,
1532 304 1585 325 nec
1618 304 1651 325 ex
1684 294 1786 325 eadem
1820 296 1901 334 parte

1168 346 1345 384 theologiae,
1368 345 1417 374 sed
1449 345 1478 374 in
1512 354 1569 375 uno
1601 344 1721 382 collegio
1750 353 1784 374 ex
1807 343 1902 383 prima

1167 400 1259 434 parte,
1281 396 1309 424 in
1333 395 1389 424 alio
1411 404 1445 424 ex
1468 394 1558 434 prima
1581 395 1625 424 vel
1648 393 1778 423 secunda
1799 401 1902 423 secun-

1167 444 1238 481 dae,
1262 448 1290 473 et
1312 444 1340 473 in
1364 444 1419 473 alio
1442 453 1473 473 ex
1498 444 1584 474 tertia
1606 447 1709 482 parte,
1733 443 1778 472 vel
1799 442 1835 472 de
1857 450 1903 471 sa-

1169 492 1326 522 cramentis
1349 492 1392 522 vel
1415 493 1449 522 de
1472 492 1574 522 morali
1597 492 1626 521 in
1648 491 1769 529 collegio
1790 490 1902 520 theolo-

1168 541 1231 579 giae
1254 541 1383 579 moralis,
1403 541 1442 570 ita
1458 541 1534 580 quod
1556 541 1585 570 in
1608 540 1654 570 his
1675 539 1769 570 tribus
1785 539 1901 569 conclu-

1168 588 1297 618 sionibus
1329 598 1359 618 se
1390 589 1597 619 universaliter
1623 588 1653 618 in
1676 589 1735 618 tota
1756 587 1904 625 theologia.

1168 636 1276 675 peritos
1298 637 1461 666 ostendant.
1483 636 1600 675 Absque
1628 636 1683 666 hoc
1704 635 1903 674 experimento

1169 694 1253 715 nemo
1276 685 1310 715 ad
1333 685 1528 724 oppositiones
1557 694 1608 724 pro
1630 684 1750 714 lecturis
1772 683 1904 714 admitta-

1168 737 1225 771 tur,
1250 733 1298 762 sed
1322 742 1416 772 neque
1437 733 1488 763 illo
1509 733 1603 763 iuvari
1625 733 1778 772 quisquam
1800 732 1902 772 possit,

1168 780 1217 819 qui
1240 781 1434 819 theologicum
1458 790 1575 811 cursum
1592 790 1650 811 non
1666 780 1835 820 expleverit.
1851 779 1904 809 Te·-

1169 835 1295 861 neantnr
1328 831 1452 862 lectores
1480 831 1646 861 alternatim
1668 829 1904 861 conclusionibus

1170 880 1345 919 praesidere,
1363 880 1514 916 habendis,
1532 880 1608 910 intra
1624 879 1749 910 claustra
1771 878 1901 918 quidem,

1169 927 1299 967 quolibet
1317 937 1414 958 mense
1428 938 1492 959 cum
1510 929 1675 958 interventu
1698 928 1904 966 magistrorum

1170 985 1202 1005 ac
1225 977 1461 1014 cornmunitatis;
1479 976 1608 1016 quolibet
1624 985 1691 1006 vero
1704 975 1835 1005 bimestri
1853 985 1906 1014 pu-

1175 1024 1249 1054 blice
1265 1034 1329 1054 cum
1353 1025 1519 1054 interventu
1541 1028 1718 1054 exterorum.
1735 1024 1764 1054 Si
1787 1024 1905 1063 quando

1149 1074 1199 1103 vin
1228 1074 1469 1104 universitatibus
1501 1078 1549 1104 aut
1579 1074 1702 1104 aliarum
1729 1073 1903 1112 religionum

1150 1154 1151 1158 ,
1171 1123 1301 1161 collegiis
1316 1123 1529 1161 invitabuntur,
1543 1132 1664 1161 arguere
1676 1126 1829 1152 teneantur
1840 1123 1907 1152 iux-

1173 1176 1197 1202 ta
1220 1172 1455 1202 distributionem
1478 1181 1493 1202 a
1516 1177 1634 1210 regente
1671 1182 1722 1202 seu
1743 1172 1906 1201 studiorum

1173 1222 1315 1259 praefecto
1336 1221 1509 1257 faciendam,
1529 1221 1629 1250 ordine
1651 1224 1789 1257 servato3
1813 1220 1837 1249 si
1861 1229 1907 1250 ar-

1173 1278 1260 1307 guere
1282 1270 1493 1306 recusaverint,
1508 1278 1627 1299 suarum
1650 1269 1826 1299 lecturarum
1842 1278 1907 1299 cur-

1172 1326 1221 1346 sus
1242 1327 1299 1347 non
1323 1318 1514 1347 admittantur
1537 1326 1587 1356 pro
1610 1318 1751 1356 graduum
1768 1327 1907 1347 consecu-

1173 1366 1267 1404 tione3
1292 1366 1315 1396 si
1339 1376 1406 1396 vero
1428 1367 1542 1405 regenti
1571 1370 1620 1396 aut
1642 1366 1803 1396 studiorum
1827 1375 1907 1405 prae-

1173 1414 1247 1444 secto
1279 1419 1464 1444 contumaces
1496 1425 1553 1445 non
1587 1415 1772 1452 obedierint,
1795 1415 1907 1444 lectura

1173 1463 1332 1500 priventur.
1357 1463 1423 1492 Pari
1440 1463 1523 1492 modo
1545 1463 1692 1493 studentes
1714 1463 1748 1492 ad
1771 1463 1907 1492 assisten-

1173 1510 1239 1539 tiam
1263 1516 1468 1540 extraueorum
1501 1511 1721 1541 conclusionum
1750 1520 1764 1540 a
1788 1515 1906 1549 regente

1173 1559 1216 1588 vel
1239 1560 1384 1597 praesecto
1406 1559 1534 1598 deputati
1564 1564 1696 1598 prompte
1719 1558 1837 1589 obedire
1866 1563 1908 1588 te-

1172 1612 1316 1645 neantur,
1340 1608 1394 1637 sub
1419 1609 1512 1646 poena
1543 1608 1715 1647 privationis
1744 1608 1906 1637 studiorum

1172 1660 1386 1695 perpetuaeque
1408 1656 1598 1686 inhabilitatis
1619 1657 1653 1686 ad
1675 1656 1787 1686 eadem.

1211 1713 1290 1734 xv111.
1315 1704 1438 1735 Cellulae
1472 1705 1674 1742 religiosorum
1706 1714 1741 1734 ex
1773 1705 1827 1734 hac
1850 1705 1908 1734 vita

1172 1753 1372 1782 decedentium
1387 1775 1394 1789 ,
1419 1762 1492 1791 quae
1514 1763 1571 1782 non
1594 1753 1704 1783 suerint
1725 1753 1815 1782 alicui
1837 1753 1909 1783 assi-

1172 1807 1275 1839 gnatae
1291 1811 1342 1840 per
1357 1802 1504 1831 decretum
1532 1811 1633 1832 sacrae
1656 1801 1905 1840 congregationis,

1150 1880 1151 1889 ἵ
1173 1850 1216 1879 vel
1233 1850 1266 1879 a¹
1282 1850 1465 1879 sanctissimo
1481 1850 1598 1880 domino
1611 1854 1721 1888 nostro,
1736 1850 1780 1880 vel
1794 1850 1829 1880 ab
1841 1851 1909 1880 illu-

1172 1898 1315 1928 strissimo
1338 1907 1370 1928 ac
1392 1898 1637 1929 reverendissimo
1659 1898 1777 1928 domino
1798 1899 1906 1928 nuncio

1150 1973 1152 1987 .·
1172 1947 1341 1986 apostolico⁷
1359 1949 1470 1976 matura
1487 1947 1718 1977 consideratione
1731 1947 1909 1977 distribuan-

1151 2019 1152 2024 ,
1174 2001 1220 2026 tur
1236 1996 1313 2025 iuxta
1331 2000 1444 2026 nostras
1460 1996 1694 2032 constitutiones,
1712 1996 1834 2026 servatis
1850 2005 1907 2026 ser-

1172 2045 1286 2083 randis,
1302 2048 1330 2074 et
1352 2044 1451 2074 habita
1473 2045 1586 2074 rationo
1601 2045 1770 2083 <dignitatis
1790 2044 1905 2083 gradus,

1173 2094 1363 2133 antiquitatiS,
1383 2094 1477 2123 meriti
1494 2103 1526 2123 ac
1548 2094 1728 2124 necessitatis
1744 2094 1909 2124 cuiuscum-

1173 2152 1238 2181 que.

1212 2191 1310 2220 Actum
1326 2192 1380 2228 die,
1396 2200 1466 2220 anno
1478 2195 1502 2220 et
1518 2190 1572 2220 loco
1588 2191 1684 2230 quibus
1698 2201 1794 2230 supra,
1812 2195 1859 2220 etc.
1876 2202 1903 2220 >m

1217 2257 1276 2300 52.
1294 2257 1370 2291 Cum
1390 2262 1505 2297 autem,
1523 2257 1605 2290 sicut
1619 2257 1732 2290 eadem
1747 2257 1904 2300 expositio

1174 2311 1399 2353 subiungebat,
1419 2311 1542 2344 tametsi
1568 2311 1696 2343 decreta
1721 2310 1905 2343 huiusmodi

1174 2375 1190 2396 a
1202 2363 1380 2397 venerabili
1396 2364 1492 2396 fratre
1507 2363 1644 2405 Georgio
1658 2363 1906 2407 archiepiscopo

1174 2416 1364 2457 Leodicnsi,
1391 2422 1500 2450 nostro
1525 2421 1557 2449 et
1581 2416 1789 2459 Apostolicae
1815 2416 1906 2450 Sedis

1174 2470 1206 2502 in
1230 2469 1447 2512 Portugalliae
1478 2473 1510 2501 et
1537 2468 1765 2511 Algarbiorum
1796 2469 1907 2512 regnis

1174 2521 1304 2562 nuncio,
1329 2521 1514 2554 confirmata
1539 2521 1669 2561 suerint,
1694 2521 1906 2555 nihilominus

1174 2575 1278 2607 dictus
1299 2574 1433 2607 loannes
1459 2574 1547 2617 prior
1572 2575 1733 2616 generalis
1759 2575 1822 2615 illa,
1843 2586 1905 2619 quo

1211 2633 1220 2657 1
1244 2631 1392 2666 I'raeposit.
1411 2640 1425 2656 a.
1449 2638 1495 2656 nos
1512 2630 1632 2657 addianis
1648 2638 1685 2666 cn.
1702 2632 1750 2666 T.).

1912 245 1961 273 An.
1976 245 2006 273 C.
2027 246 2093 273 1696

1971 1717 2001 1738 De
2021 1719 2101 1739 wluin<

1919 1744 2071 1770 religiosorum.

1964 2270 2099 2291 Confirmatio

1917 2298 2030 2317 relatorum

1918 2332 1921 2342 ι
1931 2327 2029 2344 roton-tn.

2064 2298 2100 2318 du-
