2227 3225
122 251 174 277 An.
191 249 220 277 C.
244 248 310 276 1697

136 942 218 963 (lamae
233 941 308 963 deere-

122 972 198 990 turum.

897 244 1104 268 INNOCENTIUS

313 306 384 330 rum
425 307 458 329 ac
495 294 720 339 prohibitione
755 293 825 326 illas
861 291 1050 325 moderandi

313 360 368 384 seu
395 348 572 382 reducendi
598 348 719 391 absque
736 347 828 380 Sedis
848 344 1051 389 Apostolicae

313 404 453 443 licentia,
480 412 606 435 necnon
632 411 729 445 super
755 400 945 433 earumdem
973 408 1052 432 one-

315 457 403 490 ribus
429 455 596 499 perpetuis
621 453 849 498 suscipiendis,
870 457 901 485 et
925 451 1052 494 religio-

316 521 426 544 sorum
452 519 587 542 numero
602 509 686 541 ultra
703 507 850 541 redditus
869 511 900 539 et
917 515 1052 538 consue-

315 569 363 596 tas
378 564 599 605 eleemosynas
614 561 757 593 locorum
773 558 972 602 regularium
987 568 1051 590 non

315 615 480 655 habende,
498 619 691 648 emanarunt
717 614 756 646 ab
781 613 841 646 hac
864 613 954 645 sacra
971 611 1052 644 Con-

316 669 503 713 gregatione
522 668 553 700 S.
574 667 611 700 R.
631 666 665 699 E.
684 665 895 699 cardinalium
918 662 1052 697 Concilii

316 721 497 756 Tridentini
526 721 754 763 interpretum,
784 717 974 751 auctoritate
996 726 1054 760 per

318 775 421 808 felicis
451 772 688 806 recordationis
718 771 883 804 Urbanum
911 769 970 802 rt).
989 768 1053 801 VIII

317 827 364 861 illi
389 825 576 870 specialiter
600 824 768 864 attributa,
788 822 981 867 quamplura
1003 822 1054 854 de-

317 885 405 913 creta
430 878 552 911 tenoris
578 877 766 921 sequentis:

363 945 376 964 i>
410 932 486 965 Cum
519 941 616 975 saepe
657 931 824 973 contingat
855 930 886 962 in
917 929 1051 973 quibus-

320 987 392 1020 dam
430 985 579 1019 ecclesiis
610 990 672 1017 tam
701 994 853 1027 maguum
886 983 1055 1015 missarum

320 1039 590 1073 celebrandarum
622 1048 793 1071 numerum
819 1048 854 1069 ex
883 1036 977 1069 variis
1002 1036 1056 1068 dc-

322 1094 503 1126 functoruni
529 1092 650 1125 relictis
678 1097 727 1124 aut
753 1090 882 1134 piorum
918 1091 1057 1122 eleemo-

321 1146 407 1189 synis
433 1145 617 1189 impositum
643 1155 730 1185 esse,
759 1149 794 1176 ut
818 1143 881 1176 illis
907 1153 967 1186 pro
993 1142 1058 1175 sin-

323 1199 404 1241 gulis
431 1199 545 1231 diebus
562 1197 770 1241 praescriptis
787 1202 948 1240 nequeant
968 1196 1058 1229 satis-

323 1252 402 1292 fieri,
424 1256 455 1284 et
478 1256 582 1284 tamen
608 1261 687 1283 nova
714 1260 814 1283 onera
838 1250 1007 1282 missarum
1025 1248 1058 1280 in

322 1304 389 1337 dies
421 1304 657 1347 suscipiantur,
685 1303 827 1346 indeque
864 1302 917 1334 siat
944 1307 980 1334 ut
1004 1302 1060 1334 de-

321 1363 454 1402 pereant
480 1357 551 1401 piae
578 1356 765 1389 testantium
791 1357 982 1395 voluntates,
1003 1356 1061 1388 ob-

321 1412 432 1444 stricta
455 1409 722 1444 benefactoribus
741 1408 819 1442 sides
836 1409 987 1447 violetur,
1002 1409 1060 1441 'de-

323 1467 503 1497 functorum
535 1463 660 1495 animae
694 1461 852 1505 sull'ragiis
882 1462 1057 1505 priventur,

322 1517 467 1551 ecelesiis
492 1516 621 1550 debitus
647 1515 859 1548 subtrahatur
884 1516 1000 1556 cultuS,
1024 1526 1059 1548 ac

321 1570 564 1609 christifideles,
583 1568 670 1612 gravi
685 1569 840 1602 scandalo
865 1568 979 1609 affecti,
997 1570 1061 1612 ple·

322 1634 459 1668 rumque
485 1635 502 1656 a
528 1623 689 1656 similibus
715 1622 881 1655 charitatis
906 1622 1060 1666 operibus

323 1678 553 1717 retraliantur;
580 1686 718 1719 cumque
754 1675 804 1708 his
836 1676 929 1709 malis
961 1676 1061 1709 maxi-

326 1742 414 1765 mum
441 1731 527 1764 inter
552 1735 658 1763 cetera
683 1729 860 1762 fomentum
896 1730 1060 1773 praebeat,

327 1790 379 1817 aut
404 1784 491 1827 quod
515 1783 546 1823 ii,
565 1783 619 1826 qui
645 1783 759 1815 missas
781 1793 878 1825 supra
902 1783 986 1816 vires
1012 1793 1062 1816 ce-

326 1838 496 1871 t1=brandas
514 1835 707 1879 suscipiunt,
734 1841 867 1879 sperent
884 1836 956 1869 illas
973 1836 1062 1870 brevi

326 1893 364 1925 ad
392 1891 578 1935 pauciorem
599 1900 771 1923 numerum
797 1901 813 1923 a
839 1891 1062 1934 superioribus

328 1946 495 1979 reductum
525 1944 577 1985 iri,
606 1949 659 1976 aut
688 1943 774 1988 quod
800 1944 957 1984 ecclesiis,
978 1950 1063 1978 sorte

327 1999 538 2043 pecuniarum
564 1997 743 2041 absumpta,
761 1999 953 2042 plerumque
977 1999 1064 2032 nuda
1085 2004 1086 2030 ἶ
1106 1998 1292 2041 gularibus,
1320 2007 1409 2029 sacru
1436 1995 1653 2039 Congregatio
1671 1994 1729 2028 sub
1756 1995 1844 2028 obte-

1085 2052 1245 2086 istatione
1271 2049 1371 2083 divini
1404 2049 1514 2082 iudicii
1541 2049 1672 2081 mandat
1696 2053 1727 2081 et
1750 2058 1844 2091 prae-

329 2056 516 2086 reinaneant
542 2061 642 2084 onera
658 2051 830 2084 missarum
849 2052 972 2095 absque
996 2053 1063 2086 ullo

329 2108 558 2146 emolumento,
584 2110 639 2138 aut
663 2105 749 2148 quod
775 2106 980 2149 eleemosyna
1004 2117 1064 2149 pro

329 2161 393 2194 illis
419 2159 622 2193 celebrandis
648 2159 690 2191 sit
711 2159 794 2192 adeo
812 2159 919 2192 tenuis
949 2165 1065 2192 utnon

330 2214 420 2247 facile
457 2213 662 2246 inveniantur
698 2213 752 2256 qui
788 2213 888 2246 velint
924 2214 1001 2246 huic
1032 2224 1065 2246 se

330 2267 455 2300 muneri
482 2265 653 2306 subiicere,
679 2271 711 2298 et
736 2266 885 2298 redditus
910 2266 1064 2299 eeclesiae

331 2384 389 2417 pro
415 2372 597 2406 necessaria
622 2373 677 2404 sua
703 2372 938 2406 sustentatione
974 2372 1066 2406 novis

332 2437 363 2460 se
400 2426 553 2460 oneribus
590 2426 796 2468 obstringere
825 2427 1063 2469 compellatur:

333 2490 422 2513 sacra
447 2479 661 2523 Congregatio
694 2479 906 2513 cardinalium
932 2479 1064 2512 Concilii

332 2533 510 2565 Tridentini
547 2533 772 2576 interpretum,
795 2533 1064 2573 animadvertens,

334 2587 488 2618 facturam
513 2596 546 2619 se
572 2596 638 2619 rem
656 2586 721 2619 Deo
746 2585 976 2628 gratissimam,
996 2586 1067 2618 cha-

334 2638 483 2683 ritatique
509 2648 544 2671 ac
568 2638 710 2672 iustitiae
736 2639 871 2672 maxime
894 2643 1066 2672 consenta-

1130 245 1173 268 xu
1198 245 1246 268 1³1⁵.
1726 232 1789 266 807

1092 302 1205 333 neam,
1232 293 1256 325 si
1282 301 1340 335 pro
1365 292 1485 324 viribus
1519 296 1636 331 satagat
1665 291 1750 323 hunc
1783 296 1828 323 te-

1093 345 1261 379 terrimum
1279 344 1416 378 abusum
1433 354 1449 376 e
1468 343 1644 376 christiana
1663 343 1828 386 republica

1093 397 1276 430 convellere
1309 401 1406 440 atque
1439 395 1614 435 eradicare,
1640 396 1828 429 auctoritate

1094 449 1288 482 sanctissimi
1314 448 1434 482 domini
1459 449 1559 481 nostri
1578 448 1696 482 Urbani
1723 447 1829 481 divina

1094 503 1294 546 providentia
1321 502 1423 546 Papae
1449 501 1512 535 Vlll
1550 501 1610 534 sibi
1648 501 1830 545 specialiter

1093 558 1256 597 attributa,
1284 555 1487 599 infrascripta
1514 555 1643 588 decreta
1669 553 1789 587 edidit:

1138 621 1158 643 1.
1188 611 1230 643 Ac
1255 609 1359 653 primo
1387 608 1532 642 districte
1556 608 1710 651 prohibet
1735 613 1831 650 atque
1875 623 1938 644 Nm„
1963 622 2024 642 wi...

1092 663 1258 697 interdicit
1298 673 1338 695 ne
1379 661 1523 705 episcopi
1563 661 1595 693 in
1636 653 1955 697 dioecesa11a}}‡.s.⁸..“.⁰'“
1975 655 2023 668 '⁰¹⁸'

1094 717 1228 761 synodo,
1247 722 1299 749 aut
1319 716 1490 758 generales
1508 715 1539 747 in
1559 713 1708 757 capitulis
1733 724 1832 756 gene-

1094 770 1227 809 ralibus,
1249 770 1297 802 vel
1315 769 1394 801 alias
1413 767 1655 811 quoquomodo,
1671 767 1833 800 reducant

1095 834 1195 856 onera
1229 823 1295 855 ulla
1328 821 1500 854 missarum
1533 820 1831 859 celebrandarum,

1095 883 1149 910 aut
1174 881 1247 920 post
1272 875 1358 908 idem
1383 874 1562 908 Concilium
1591 873 1754 917 imposita,
1780 878 1835 905 aut

1096 931 1128 964 in
1145 931 1258 964 limine
1278 928 1491 969 fundationis,
1509 928 1565 961 sed
1583 938 1641 971 pro
1660 927 1710 960 his
1732 927 1835 960 omni-

1096 985 1156 1017 bus
1170 983 1366 1017 reducendis
1381 988 1436 1016 aut
1452 981 1663 1015 moderandis
1681 982 1731 1014 vel
1749 991 1836 1014 com-

1097 1038 1262 1071 mutandis
1287 1037 1325 1070 ad
1351 1035 1574 1080 Apostolicam
1594 1034 1710 1067 Sedeni
1731 1044 1836 1067 recur-

1096 1097 1197 1131 ratur,
1224 1101 1316 1135 quae,
1342 1100 1375 1123 re
1402 1089 1578 1131 diligenter
1601 1089 1783 1131 perspecta,
1804 1086 1834 1119 id

1099 1148 1219 1177 statuet
1238 1143 1325 1186 quod
1352 1142 1453 1185 magis
1472 1142 1504 1174 in
1525 1140 1661 1174 Domino
1681 1139 1835 1183 expedire

1099 1196 1330 1237 arbim-abitum
1358 1195 1505 1239 alioquin
1531 1193 1752 1233 reductiones,
1774 1203 1836 1226 mo-

1100 1252 1297 1291 derationes,
1326 1248 1597 1282 commutationes
1622 1246 1834 1286 huiusmodi,

1100 1306 1125 1338 si
1152 1316 1231 1348 quas
1257 1309 1369 1336 contra
1395 1302 1492 1335 liuius
1517 1300 1753 1345 prohibitionis
1779 1300 1838 1333 sor-

1100 1368 1183 1390 mam
1208 1357 1277 1390 steri
1303 1356 1487 1398 contigerit,
1514 1354 1647 1388 omnino
1671 1355 1776 1386 nullas
1793 1358 1839 1386 at-

1101 1422 1163 1455 que
1187 1411 1299 1443 inanes
1325 1409 1484 1442 decennit.

1145 1475 1179 1498 11.
1208 1463 1354 1503 Deinde,
1387 1462 1441 1494 ubi
1473 1472 1534 1505 pro
1560 1460 1708 1504 pluribus
1732 1459 1839 1493 missis
1876 1472 2032 1493 rum-inmu-

1848 1501 1881 1519 tur
1890 1500 1972 1521 missae.
1982 1501 2030 1524 quot

1100 1518 1196 1551 etiam
1242 1516 1387 1549 eiusdem
1431 1514 1595 1558 qualitatis
1631 1514 1838 1547 celebrandis
1853 1526 2026 1552 praescribumur

1101 1570 1283 1614 stipendia,
1323 1573 1622 1612 quantumcumque
1658 1553 1956 1609 incongi*uai'n‘3³-5'1i{'.³
1977 1552 2033 1571 'm‘

1102 1630 1134 1658 et
1157 1624 1282 1668 exigua,
1308 1623 1374 1656 sive
1405 1623 1444 1656 ab
1468 1633 1534 1655 uno
1559 1622 1625 1655 sive
1650 1632 1667 1654 a
1690 1621 1839 1664 pluribus

1102 1677 1251 1721 personis
1269 1678 1386 1710 collata
1412 1676 1542 1709 suerunt
1558 1680 1613 1708 aut
1629 1674 1841 1708 conserentur

1102 1732 1135 1765 in
1160 1732 1304 1764 futurum
1329 1730 1568 1769 sacerdotibus,
1595 1728 1761 1768 ecclesiis,
1791 1739 1842 1761 ca-

1103 1786 1224 1829 pitulis,
1252 1784 1412 1827 collegiis,
1430 1782 1659 1827 hospitalibus,
1679 1782 1842 1815 societati-

1103 1840 1174 1879 bus,
1200 1838 1418 1877 monasteriis,
1444 1836 1677 1876 conventibus,
1704 1846 1843 1878 congre-

1834 241 1885 268 An,
1903 239 1929 268 C.
1955 239 2020 266 1097

1084 1892 1300 1936 ,gationibus,
1328 1891 1478 1924 domibus
1507 1901 1542 1923 ac
1575 1889 1657 1923 locis
1683 1889 1745 1933 piis
1772 1889 1844 1932 qui-

1104 1947 1318 1988 buscumque,
1339 1950 1401 1977 tam
1428 1943 1649 1977 saecularibus
1674 1945 1768 1985 quam
1794 1952 1843 1975 re-

1107 2105 1184 2148 cipit
1208 2109 1241 2136 ut
1266 2103 1412 2136 absolute
1432 2106 1475 2136 tot
1491 2101 1609 2134 missae
1628 2101 1843 2141 celebrentur,

1107 2158 1231 2202 quotad
1251 2157 1410 2190 rationem
1427 2156 1599 2188 attributae
1618 2156 1844 2197 eleemosynae

1107 2211 1327 2255 praescriptae
1354 2209 1472 2243 suerint
1490 2236 1497 2249 ,
1532 2208 1612 2240 itaut
1644 2207 1787 2250 alioquin
1812 2207 1843 2247 ii,

1085 2285 1087 2295 1
1108 2265 1145 2298 ad
1172 2276 1253 2308 quos
1279 2264 1435 2308 pertinet,
1456 2273 1535 2296 suae
1560 2261 1752 2304 obligationi
1779 2271 1844 2294 non

331 2326 383 2354 aut
406 2319 596 2354 monasterii
622 2319 703 2352 adeo
729 2319 833 2362 exigui
859 2325 893 2351 ut
914 2320 1066 2353 sacerdos
1086 2328 1087 2331 ’

1108 2318 1330 2358 satisfaciant,
1358 2317 1504 2360 quinimo
1531 2315 1672 2358 graviter
1697 2319 1844 2358 peccent,

1108 2378 1137 2405 et
1163 2372 1201 2405 ad
1227 2371 1469 2405 restitutionem
1495 2374 1658 2402 tenentur.

1151 2435 1197 2458 111.
1225 2425 1257 2458 Id
1279 2434 1354 2457 vero
1376 2429 1411 2456 ut
1435 2422 1553 2456 deinde
1575 2421 1766 2455 observetur
1791 2431 1864 2469 ex·w
1923 2428 2036 2465 eanum

1108 2479 1230 2517 actius,
1269 2488 1358 2510 sacra
1395 2474 1611 2519 Cougregatio
1644 2474 1758 2506 eadem
1791 2461 2036 2506 u11-i1'1¹.¹·f''³‘⁶'⁰'“‘'“'

1108 2532 1257 2565 ctoritate
1292 2536 1422 2564 revocat
1457 2529 1628 2573 privilegia
1660 2533 1690 2561 et
1718 2527 1842 2560 indulta

1109 2584 1216 2618 onmia
1251 2584 1416 2628 quibusvis
1442 2582 1609 2626 personis,
1636 2581 1780 2614 ecclesiis
1808 2591 1843 2613 ac

1110 2639 1188 2672 locis
1214 2638 1275 2682 piis
1310 2643 1372 2670 tam
1397 2635 1615 2669 saecularibus
1642 2644 1737 2678 quam
1755 2643 1844 2676 regu-
