2227 3225
175 180 227 206 An.
248 177 276 206 C.
296 178 362 206 1695

368 227 452 261 beati
471 226 639 269 Augustini
657 226 799 267 regulam
824 225 1028 268 providerint
1048 227 1104 258 eli·
1122 231 1124 251 ἲ

367 280 520 323 gendum.
540 279 720 311 Libertates
739 282 909 320 practerea
934 284 966 310 et
986 278 1103 310 immu-

366 332 495 372 nitates,
513 341 681 364 concessas
696 331 785 363 vobis
803 341 819 363 a
840 341 928 373 rege,
947 331 1101 374 episcopo

366 389 397 418 et
421 385 564 428 capitulo
589 383 792 428 supradictis,
811 384 1001 416 auctoritate
1025 395 1122 439 apo-4

366 437 481 470 stoliea
505 436 752 475 confirmantes,
777 436 990 469 nihilominus
1015 436 1121 484 inlu-5

365 490 486 531 bemus,
512 501 552 524 ne
579 490 649 534 quis
675 489 954 533 archiepiscopus,
975 486 1121 546 episco-]³

365 554 426 588 pus
461 544 511 577 vel
545 545 710 587 praelatus
747 543 828 576 alius
869 542 899 575 in
936 543 1120 593 hospitate}

364 598 578 640 praedictum,
593 598 642 630 vel
657 598 825 640 regulares
843 607 1001 640 personas
1018 597 1097 629 inibi
1118 631 1119 647 ἢ

363 650 500 684 Domino
520 651 720 690 famulantes,
743 650 1098 688 excommunicationis,
1118 678 1119 689 ,

363 704 587 747 suspensionis
622 705 671 737 vel
703 703 869 736 interdicti
902 700 1119 736 sententiam³

363 757 479 790 audeat
504 757 720 801 promulgare,
743 768 837 800 quam
859 761 972 789 contra
990 755 1099 798 prohi-

360 809 518 844 bitionem
552 810 738 843 huiusmodi
768 810 928 853 prolatam
953 809 1118 842 decerni—1

359 873 431 897 mus
457 874 522 897 non
549 868 674 897 tenere.
702 863 773 896 Paci
805 873 934 906 quoquc
959 866 989 895 et
1014 867 1098 894 tran-

360 917 515 960 quillitati
553 922 677 950 vestrae
713 918 849 959 paterna
885 915 1096 959 imposterum

359 970 579 1003 sollicitudine
613 970 785 1013 providere
810 970 967 1007 volentes,
991 974 1097 1001 aucto-

358 1023 454 1057 ritate
479 1023 660 1067 apostolica
685 1022 896 1066 prohibemus
912 1049 919 1062 ‚
942 1027 988 1062 ut,
1013 1021 1096 1054 inl'ra

358 1077 523 1111 clausuras
541 1078 687 1110 locorum
712 1082 901 1115 vestrorum,
922 1076 1029 1108 nullus
1047 1086 1096 1108 ra-

357 1130 468 1174 pinam
509 1141 565 1163 seu
605 1131 723 1162 furtum
756 1130 883 1169 facere,
909 1129 1016 1171 ignem
1041 1140 1095 1172 ap·

357 1194 502 1227 ponere,
530 1184 721 1227 sanguinem
749 1182 903 1221 sundere,
928 1181 1094 1215 hominem

358 1241 479 1270 temere
504 1247 620 1280 capere
647 1237 697 1269 vel
731 1235 924 1275 interficere,
951 1245 1008 1267 scu
1032 1235 1115 1268 vio-i

357 1290 492 1324 lentiam
531 1290 649 1323 audeat
686 1299 848 1322 exercere.
886 1288 1093 1321 Decernimus
1113 1307 1115 1311 ‚

357 1354 435 1386 ergo
471 1348 505 1375 ut
541 1343 620 1375 nulli
647 1342 780 1375 omnino
807 1340 973 1373 hominum
999 1341 1114 1374 liceatj

354 1396 537 1440 praefatum
558 1394 721 1438 hospitale
750 1399 871 1426 temere
890 1394 1092 1436 perturbare,

354 1454 410 1482 aut
433 1449 502 1482 eius
529 1447 754 1491 possessiones
773 1448 908 1486 auferre,
928 1448 977 1480 vel
1003 1447 1093 1480 ohla-

355 1508 402 1536 tas
427 1503 589 1542 retinere,
613 1501 760 1534 minuere
777 1527 784 1541 ‚
811 1510 867 1533 seu
893 1501 1092 1543 quibuslibet

352 1555 577 1591 vexationibus
597 1554 741 1597 fatigare,
763 1554 818 1587 sed
837 1554 946 1587 omnia
964 1554 1090 1597 integra

352 1615 589 1643 conserventur
614 1618 747 1648 eorum,
778 1618 839 1651 pro
872 1617 1008 1650 quorum
1034 1619 1091 1651 gu-

352 1663 544 1697 bernatione
578 1672 614 1694 ac
646 1660 902 1694 substentatione
934 1671 1111 1696 concessas

353 1720 427 1748 sunt
444 1715 556 1748 usibus
581 1713 773 1747 omnimodis
799 1713 985 1756 profutura:
1005 1715 1089 1747 salva

353 1768 444 1802 Sedis
470 1768 676 1811 Apostolicae
703 1767 906 1800 auctoritate.
935 1769 980 1800 Aa
1006 1768 1089 1801 indi-

354 1822 437 1855 cium
455 1826 561 1854 autem
580 1821 675 1853 huius
693 1826 866 1863 perceptae
881 1831 896 1853 a
911 1821 992 1854 Sede
1008 1822 1090 1864 Apo-

353 1875 466 1908 stolica
490 1873 658 1913 libertatis,
676 1883 774 1905 unum
795 1873 968 1907 bisantium
995 1875 1088 1907 nobis

353 1928 541 1970 nostrisque
566 1926 811 1959 successorihus
837 1927 928 1959 annis
953 1927 1087 1970 singulis

352 1980 557 2024 persolvetis.
584 1980 615 2012 Si
641 1990 724 2022 quae
758 1979 857 2022 igitur
888 1979 919 2012 in
945 1980 1086 2014 suturutu

352 2033 571 2068 ecclesiastica
588 2032 829 2076 saecularisque
847 2043 986 2076 persona
1004 2035 1087 2068 hane
1106 2048 1109 2060 ·

352 2093 484 2121 nostrae
521 2086 761 2120 constitutionis
795 2087 946 2130 paginam
984 2089 1086 2122 sciens

353 2146 465 2173 contra
490 2150 560 2172 eam
594 2144 714 2172 temere
745 2140 855 2172 venire
892 2142 1083 2181 tentaverit,

351 2193 468 2237 primo,
482 2193 625 2226 secundo
644 2193 780 2225 tertiove
801 2193 1005 2234 commonita,
1024 2196 1083 2228 nisi

352 2251 474 2279 reatum
500 2256 592 2278 suum
617 2248 758 2288 congrua
782 2246 1000 2280 satisfactione
1017 2259 1086 2282 cor-

350 2299 482 2340 rexerit,
499 2299 670 2342 potestatis
689 2299 889 2342 honorisque
916 2301 962 2333 sui
982 2307 1085 2336 careat

351 2351 528 2394 dignitate,
555 2363 710 2396 reamque
748 2363 782 2385 se
820 2353 928 2386 divino
964 2354 1083 2389 iudicio

351 2405 487 2437 existere
506 2405 545 2438 de
571 2407 756 2448 perpetrata
781 2405 951 2448 iniquitate
970 2417 1084 2450 cogno·
1104 2432 1105 2446 ἢ

351 2462 426 2497 scat,
444 2463 475 2490 et
500 2458 704 2491 sanctissimo
723 2469 859 2501 corpore
879 2464 910 2492 et
926 2461 1082 2502 sanguine

352 2510 473 2543 domini
500 2512 718 2555 redemptoris
745 2513 846 2545 nostri
870 2513 938 2546 Iesu
964 2514 1082 2547 Christi

956 178 1162 203 txxoessxrlus
1187 182 1202 203 X
1208 180 1230 204 Π
1253 181 1300 205 PF.

350 2563 455 2597 aliena
481 2564 552 2606 siat,
578 2572 673 2609 atque
701 2566 731 2598 in
763 2572 908 2599 extremo
934 2568 1082 2602 examine

1773 183 1830 217 701

1145 227 1308 262 districtae
1334 231 1497 265 subiaceat
1522 235 1645 269 ultioni.
1670 237 1797 273 Cunctis
1825 252 1880 274 au-

1145 284 1208 312 tem
1234 281 1338 315 eidem
1370 284 1441 317 loco
1473 297 1528 318 sua
1552 287 1623 321 iura
1648 294 1874 336 servantibus,

1144 332 1186 364 sit
1209 344 1269 376 pax'
1288 335 1410 368 domini
1429 339 1530 371 nostri
1557 341 1628 373 lesu
1654 343 1781 384 Christi,
1801 358 1878 390 qua-

1144 389 1258 425 tenus,
1285 393 1316 419 et
1342 389 1417 421 hinc
1449 391 1586 425 fructum
1612 395 1716 428 bonae
1741 399 1876 433 actionis

1143 438 1336 482 percipiant,
1362 447 1392 473 ct
1417 444 1501 486 apud
1529 445 1710 480 districtum
1737 449 1876 486 iudicem

1142 493 1446 532 praemiaaeternac
1460 497 1547 540 pacis
1560 498 1876 538 invenhmtAmen».

1190 557 1202 576 <t
1219 545 1391 589 Grcyorius
1408 550 1582 594 episcopus,
1595 564 1704 587 servus
1712 566 1875 591 servorum
1900 574 2025 596 emanatio
2040 577 2071 597 ³1-

1141 597 1216 636 nri,
1243 599 1371 633 dilectis
1396 600 1470 635 siliis
1495 605 1647 647 magistro
1672 611 1702 640 et
1724 608 1875 643 fratribus
1888 602 1932 652 :1⁸15ss
1957 602 2068 649 ffiiiissh'ss'

1142 651 1311 694 hospitalis
1335 653 1366 686 S.
1392 655 1553 690 Francisci
1581 659 1768 703 pragensis,
1793 654 2069 703 salu-{35.·{¹¹E{³11¹2¹1¹1'.Tt13

1141 709 1202 736 tem
1220 711 1251 737 et.
1269 708 1478 749 apostolicam
1497 711 1772 749 benedictionem.
1796 716 1874 750 Cum
1886 707 1972 729 ''¹¹³⁰’'

1140 767 1157 789 a
1182 758 1275 791 nobis
1300 760 1420 802 petitur
1441 764 1524 806 quod
1551 764 1670 799 iustum
1695 773 1742 801 est
1763 775 1795 802 et
1821 771 1876 803 ho-

1140 817 1279 853 nestum,
1297 819 1359 847 tam
1377 816 1471 858 vigor
1487 819 1658 862 aequitatis
1684 832 1778 865 quam
1796 824 1876 857 ordo

1139 864 1237 907 exigit
1261 867 1405 908 rationis,
1423 875 1457 902 ut
1480 870 1511 903 id
1538 882 1596 914 per
1621 874 1876 910 sollicitudinem

1882 193 1933 222 An.
1956 195 2069 225 C.1C.s5

1116 913 1118 935 t
1139 917 1234 950 ossicii
1257 920 1358 952 nostri
1385 921 1422 953 ad
1449 923 1593 957 debitum
1619 927 1816 968 perducatur
1834 930 1876 962 es-

1140 971 1267 1005 sectum.
1295 973 1515 1018 Quapropter,
1542 978 1650 1012 dilecti
1681 980 1712 1012 in
1738 981 1875 1017 Domino

1138 1024 1204 1064 tilii,
1229 1027 1342 1059 vestris
1368 1027 1458 1061 iustis
1483 1032 1758 1073 postulationibus
1783 1042 1874 1078 grato

1138 1086 1371 1114 concurrentes
1397 1093 1542 1124 assensu,
1569 1085 1734 1120 libertates
1761 1093 1791 1120 et
1817 1089 1875 1122 im-

1138 1133 1311 1166 munitates
1327 1136 1544 1169 saecularium
1566 1139 1769 1172 exactionum
1787 1152 1804 1174 a
1822 1152 1874 1175 ca-

1138 1185 1265 1219 rissimo
1292 1187 1321 1219 in
1348 1187 1476 1222 Christo
1510 1189 1575 1223 sitio
1610 1198 1723 1226 nostro
1753 1194 1871 1227 illustri

1137 1249 1211 1281 rege
1238 1240 1386 1273 Botimiac
1414 1241 1565 1285 hospitali
1584 1250 1689 1278 vestro
1707 1256 1766 1289 pro
1792 1247 1873 1280 libe-

1137 1291 1264 1324 ralitate
1283 1304 1464 1334 concessas,
1487 1295 1569 1328 sicut
1586 1307 1639 1329 eas
1665 1297 1746 1331 iuste
1764 1309 1800 1332 ac
1818 1311 1873 1342 pa-

1135 1343 1224 1376 cifice
1249 1346 1413 1386 obtinetis,
1435 1348 1536 1387 vohis,
1553 1355 1584 1381 et
1608 1360 1667 1392 per
1690 1361 1746 1384 vos
1765 1352 1870 1385 eidem

1136 1398 1307 1440 hospitali,
1335 1401 1525 1433 auctoritate
1552 1403 1730 1445 apostolica
1756 1405 1872 1438 confir-

1133 1460 1270 1491 mamus,
1291 1457 1323 1484 et
1347 1454 1528 1495 praesentis
1554 1456 1665 1499 scripti
1690 1458 1870 1499 patrocinio

1134 1504 1382 1538 communimus.
1403 1505 1487 1539 Nulli
1514 1518 1591 1550 ergo
1612 1510 1745 1542 omnino
1767 1511 1871 1543 horni-

1134 1567 1209 1589 num
1236 1557 1331 1590 liccat
1355 1559 1439 1591 hanc
1464 1560 1615 1603 paginam
1641 1569 1770 1596 nostrae
1796 1575 1872 1597 con-

1133 1610 1336 1651 firmationis,
1362 1612 1562 1655 infringere,
1588 1617 1636 1648 vel
1663 1617 1691 1649 ei
1717 1628 1794 1650 ausu
1826 1624 1871 1652 te-

1132 1665 1273 1697 merario
1305 1667 1488 1707 contraire,
1523 1668 1548 1700 si
1582 1670 1654 1712 quis
1679 1676 1783 1704 autem
1809 1672 1870 1705 hoc

1132 1722 1292 1750 attentare
1319 1721 1584 1763 praesumpserit,
1609 1722 1869 1765 indignationem

1132 1771 1365 1814 omnipotentis
1391 1773 1446 1805 Dci
1473 1780 1504 1806 et
1536 1776 1704 1809 beatorum
1727 1778 1811 1810 Petri
1838 1785 1870 1811 et

1132 1823 1218 1855 Pauli
1243 1826 1469 1867 apostolorum
1503 1827 1571 1860 eius
1604 1839 1637 1861 se
1662 1831 1790 1863 noverit
1821 1831 1870 1864 in-

1131 1887 1315 1910 mtrsurum.
1344 1879 1455 1911 Datum
1481 1880 1645 1921 Laterani,
1671 1893 1729 1917 viu
1755 1885 1868 1918 halen·

1130 1931 1185 1963 das
1205 1931 1290 1970 maii,
1310 1932 1514 1974 pontificatus
1532 1935 1633 1967 nostri
1659 1947 1742 1970 anno
1759 1937 1862 1972 κη’».

1178 1996 1190 2014 α
1209 1984 1419 2017 Innocentius
1443 1987 1619 2030 episcopus,
1638 1999 1746 2022 servus
1762 2001 1868 2024 servo·
1933 2003 2059 2024 muminito

1128 2047 1199 2068 rum
1225 2037 1291 2073 Dei,
1311 2039 1491 2072 venerabili
1511 2040 1599 2073 fratri
1619 2042 1773 2086 episcopo
1794 2028 2059 2081 Pra-{lihnaoceffimtrg

1129 2089 1230 2131 gensi,
1246 2091 1380 2123 salutem
1396 2097 1427 2124 et
1441 2094 1651 2135 apostolicam
1668 2095 1865 2131 benedictio·
1876 2082 2058 2135 iss'rf-ss‘l'iffllss‘alssi

1129 2153 1214 2176 nem.
1239 2143 1392 2176 Precibus
1412 2145 1548 2179 dilectae
1575 2147 1606 2179 in
1628 2147 1753 2183 Christo
1779 2151 1863 2185 filiae
1874 2141 1996 2161 “mum

1129 2196 1261 2238 Agnetis
1295 2197 1418 2230 sororis
1443 2201 1630 2233 monasterii
1652 2202 1683 2234 S.
1704 2202 1863 2238 Francisoi

1127 2249 1256 2282 Ordinis
1274 2249 1305 2282 S.
1329 2250 1473 2284 Damiani
1503 2252 1682 2295 pragensis,
1705 2256 1744 2289 de
1773 2257 1863 2290 cuius

1126 2303 1221 2336 bonis
1254 2304 1418 2347 hospitale
1454 2306 1554 2349 ipsius
1586 2311 1772 2343 monasterii
1805 2312 1864 2345 im-

1127 2357 1265 2390 mediate
1279 2358 1316 2390 ad
1333 2359 1551 2401 Apostolicam
1567 2361 1680 2395 Sedem
1695 2365 1862 2406 pertinens

1127 2416 1349 2443 constructum
1375 2412 1588 2454 dignoscitur,
1612 2414 1786 2458 benignum
1805 2418 1862 2452 im-

1126 2464 1305 2506 pertientes
1336 2476 1528 2506 assensum,
1562 2467 1752 2502 fraternitati
1787 2477 1859 2506 tuae

1126 2527 1183 2559 per
1208 2518 1386 2559 apostolica
1412 2519 1532 2562 scripta
1558 2522 1757 2565 mandamus,
1783 2535 1860 2568 qua·

1160 2579 1172 2605 1
1198 2578 1299 2615 Nempe
1319 2580 1352 2607 24
1372 2581 1464 2617 aprilis
1482 2583 1548 2611 12:38
1566 2584 1605 2618 (R.
1628 2585 1676 2619 mu).
