2254 3225
173 255 222 278 An.
244 253 271 280 c.
290 251 358 278 iaso
403 243 444 275 80

365 301 567 333 liberandum
596 311 684 338 esse,
711 305 805 342 prout
839 298 1033 331 absolvimus
1065 295 1116 327 et'

261 1521 336 1542 Eum-ui
343 1524 361 1543 io

195 1548 348 1572 praedicturum

195 1578 293 1595 oninium.

364 354 561 393 liberamus,
588 365 623 386 ae
649 354 679 385 in
713 353 820 385 officio
847 350 1092 386 secretariatus,

364 407 514 450 illiusque
534 407 789 445 exercitioffcce
803 405 899 437 activa
920 401 1092 445 etpassiva‚

365 459 580 502 omnibusque
605 459 674 492 aliis
701 458 881 491 honoribus
908 461 937 488 et
966 464 1094 497 praero-

365 512 477 554 gativis
502 512 787 549 manutenendum,
806 521 872 548 seu,
888 513 1043 550 quatenus
1062 516 1096 538 o-

365 575 424 608 pus
437 566 486 603 sit,
499 565 763 607 reintegrandum
782 563 847 594 sore
864 566 893 593 ct
908 571 985 597 esse,
998 563 1097 601 prout

366 624 623 658 manutenemus,
639 623 679 657 et,
694 621 852 659 quatenus
878 624 959 656 opus
985 612 1033 652 sit,
1049 620 1096 643 re-

366 672 572 714 integramus,
592 675 622 702 et
642 679 701 712 pro
727 669 785 700 liae
811 667 922 706 causa,
949 675 1008 708 pro
1034 674 1096 707 qua

367 735 383 756 a
414 729 505 766 patre
538 722 678 765 generali
712 720 883 763 inquisitus
917 724 947 751 et
978 718 1097 750 conde-

368 781 496 808 mnatus
523 775 588 814 suit,
607 773 742 817 amplius
768 771 1002 804 molestandum
1032 780 1095 802 non

369 839 446 867 esse,
464 833 557 871 prout
583 837 645 859 non
661 825 824 859 molestari
851 823 1048 862 mandamus,
1067 828 1098 855 et

369 881 407 912 de
434 884 464 913 et
488 890 585 923 super
616 877 801 922 praemissis
830 880 1024 919 perpetuum
1058 875 1098 906 si-

369 932 503 965 lentium
522 931 752 974 imponendum
775 929 841 961 sore
860 934 888 961 et
908 938 988 967 esse,
1003 932 1099 970 prout

370 985 573 1028 imponimus.
602 984 818 1015 Admonemus
860 985 966 1013 tamen
1004 985 1098 1022 atque

369 1037 584 1080 praecipimus
593 1035 674 1079 patri
688 1034 777 1066 fratri
796 1034 890 1066 Petro
902 1033 1098 1070 Fernandez,

369 1095 404 1121 ut
429 1090 460 1121 in
486 1094 670 1132 posterum,
696 1087 754 1119 sub
787 1085 900 1129 quovis
933 1090 1097 1128 praetextu

369 1143 418 1174 vel
444 1141 588 1184 quaesito
614 1141 735 1179 colore,
756 1139 794 1171 ab
819 1149 878 1171 usu
906 1139 1047 1170 alearum
1069 1142 1101 1169 et

369 1194 552 1227 taxillorum
568 1193 698 1225 omnino
713 1202 746 1224 se
765 1192 933 1230 abstineat,
952 1191 1008 1222 sub
1026 1201 1102 1234 poe-

369 1249 410 1278 na
440 1245 626 1289 privationis
659 1244 778 1283 officii,
802 1244 890 1277 vocis
921 1244 1040 1275 activae
1071 1248 1103 1275 et

370 1299 526 1342 passivae,
545 1298 755 1340 omniumque
774 1297 909 1329 aliorum
929 1297 1100 1334 bonorum,

370 1351 696 1394 praeeminentiarum
709 1355 740 1382 et
752 1350 1057 1393 praerogativarum,
1073 1355 1103 1381 et

371 1405 428 1437 sub
453 1404 565 1447 poenis
603 1403 830 1436 carcerationis
865 1403 999 1445 aliisque
1033 1413 1104 1445 gra-

371 1458 514 1490 vioribus
538 1457 672 1490 arbitrio
697 1461 827 1489 nostro:

415 1521 467 1543 vu.
496 1522 508 1541 γ’
532 1510 565 1543 Et
584 1511 628 1542 ita
645 1510 675 1542 in
699 1509 847 1542 omnibus
873 1509 992 1542 servari
1017 1510 1104 1542 volu-

372 1574 443 1596 mus
480 1569 511 1595 et
542 1563 750 1601 mandamus,
785 1562 1042 1605 quibuscumque
1072 1562 1102 1594 in

373 1615 566 1648 contrarium
586 1626 650 1648 non
669 1615 894 1654 obstantibus;
918 1620 1012 1657 atque
1031 1615 1103 1646 stri-

372 1674 419 1701 cte
445 1669 526 1711 patri
551 1669 661 1702 Ioanni
688 1669 727 1701 de
758 1668 916 1701 Cabaleda
941 1668 1102 1709 generali,

372 1722 585 1764 omnibusque
621 1721 692 1754 aliis
730 1726 760 1754 et
793 1721 929 1763 singulis
960 1721 998 1753 ad
1024 1731 1105 1763 quos

373 1779 515 1818 spectat,
546 1774 748 1816 iniungimus
775 1779 870 1816 atque
896 1774 1104 1812 mandamus,

372 1834 408 1860 ut
431 1827 545 1867 statim,
558 1828 633 1860 visis
654 1827 892 1870 praesentibus,
913 1837 1029 1870 parere
1056 1827 1106 1859 de-

372 1881 478 1920 heant,
494 1885 525 1913 et
550 1881 611 1913 hoe
635 1886 781 1913 nostrum
807 1880 971 1912 decretum
997 1889 1106 1911 execu-

375 1934 454 1966 tioni
479 1934 673 1966 demandare
691 1938 722 1966 et
746 1933 777 1965 in
797 1933 874 1965 actis
900 1933 1032 1975 capituli
1059 1933 1106 1964 in-

374 1986 521 2019 termedii
548 1985 732 2029 registrare,
750 1986 808 2018 sub
829 1986 957 2028 poenis,
980 1990 1106 2017 contra-

375 2039 565 2072 facientibus
586 2067 593 2080 ‚
624 2039 815 2082 privationis
858 2039 1050 2081 dignitatum
1077 2044 1106 2071 et

376 2091 570 2132 officiorum,
589 2092 673 2124 vocis
698 2092 817 2124 activae
843 2097 874 2124 et
898 2091 1055 2135 passivae,
1077 2097 1107 2123 et

376 2150 551 2188 perpetuae
577 2145 788 2177 inhabilitatis
814 2145 851 2177 ad
876 2145 947 2177 illas
968 2155 1024 2177 seu
1043 2145 1108 2183 illa,

378 2198 531 2230 nullitatis
563 2199 704 2230 omnium
737 2204 768 2230 et
796 2198 995 2240 singulorum
1022 2203 1109 2230 aeto-

378 2260 459 2289 rum,
484 2250 578 2283 etiam
603 2250 954 2290 excommunicationis,
974 2251 1108 2293 aliisque

380 2303 492 2345 poenis
524 2303 655 2336 arbitrio
681 2309 793 2337 nostro
819 2303 1044 2343 incurrendis;
1072 2303 1108 2335 ad

381 2366 460 2398 quas
485 2356 753 2389 irremissibiliter
779 2363 889 2389 contra
921 2356 1111 2389 inobedien-

382 2414 439 2448 tes,
454 2409 560 2441 statim
587 2410 696 2442 habita
723 2409 835 2442 notitia
859 2409 1110 2448 inobedientiae,

381 2461 608 2505 procedemus.
635 2462 746 2494 Datum
773 2462 900 2498 Romae.
920 2472 955 2494 ex
979 2461 1111 2494 aedibus

383 2514 498 2546 nostris
531 2515 590 2547 bac
620 2515 670 2547 die
704 2526 725 2547 11
751 2515 904 2547 februarii
931 2524 1049 2548 nncxc.

427 2566 462 2599 G.
493 2567 663 2599 cardinalis
693 2568 884 2607 Csnrinars,
915 2567 1052 2600 vicarius
1083 2572 1115 2599 et

384 2624 548 2662 protector
573 2625 604 2652 et
628 2620 719 2653 iudex
746 2621 918 2664 deputatus
944 2632 975 2653 n.

936 248 1111 272 Bt'LtAnIt'M
1137 245 1288 269 nonmtlu

1180 294 1193 335 ,ξ
1218 292 1249 324 2.
1276 292 1351 324 Cum
1378 296 1501 331 autem,
1528 292 1609 324 sicut
1634 292 1747 325 eadem
1772 303 1869 336 expo-

1137 346 1210 377 sitio
1229 344 1449 386 subiungebat,
1463 344 1626 377 decretum
1641 345 1837 386 huiusmodi,
1855 357 1871 378 a

1138 402 1318 430 memorato
1337 396 1477 439 Caspare
1507 398 1659 430 cardinali
1685 404 1871 441 protectore

1138 450 1266 489 editum,
1285 450 1323 481 ab
1349 451 1483 492 utraque
1508 455 1598 491 parte
1623 451 1765 483 unanimi
1791 462 1870 484 con-

1138 513 1231 534 sensu
1257 507 1456 545 acceptatum
1489 502 1607 542 suerit;
1634 513 1670 535 ac
1700 509 1874 547 propterea

1138 555 1235 588 iidem
1274 560 1501 597 exponentes,
1537 555 1626 595 illud,
1653 567 1716 599 quo
1753 557 1874 590 firmius

1139 607 1289 640 subsistat
1320 613 1351 640 et
1382 613 1530 641 servetur
1555 608 1705 649 exactius,
1721 610 1876 652 apostoli-

1140 671 1195 693 cae
1231 659 1486 693 confirmationis
1526 666 1654 694 nostrae
1694 662 1875 704 patrocinio

1139 713 1333 745 communiri
1357 724 1558 757 summopere
1577 714 1784 747 desiderent:
1804 725 1874 755 nos,

1139 765 1313 808 specialem
1350 766 1430 810 ipsis
1463 766 1704 809 exponentibus
1740 769 1874 810 gratiam

1142 818 1244 851 facere
1281 819 1450 858 volentes,
1484 824 1515 851 et
1551 829 1662 852 eorum
1696 820 1876 861 singulares

1141 882 1294 914 personas
1326 883 1342 904 a
1374 872 1540 915 quibusvis
1572 873 1878 907 excommunicatio-

1141 924 1202 964 nis,
1227 925 1454 967 suspensionis
1481 930 1512 957 et
1536 926 1711 966 interdicti,
1739 926 1877 970 aliisque

1874 244 1926 272 An.
1949 245 1978 272 C.
1998 244 2064 272 lGRU

1930 306 2063 327 Confirmatio

1881 333 1941 353 relati
1958 334 2045 356 decreti.

1142 977 1370 1009 ecclesiasticis
1391 979 1575 1018 sententiis,
1596 979 1741 1011 censuris
1756 985 1787 1012 et
1803 990 1878 1023 poe·
1926 994 1927 997 ¹

1142 1029 1199 1068 nis,
1227 1040 1242 1061 a
1267 1029 1335 1062 iure
1368 1031 1417 1063 vel
1451 1031 1490 1062 ab
1519 1031 1663 1071 homine,
1688 1032 1800 1074 quavis
1825 1043 1880 1065 oc-

1142 1083 1270 1115 casione
1296 1083 1345 1115 vel
1371 1085 1466 1115 eausa
1491 1084 1572 1123 latis,
1600 1084 1625 1115 si
1657 1085 1775 1127 quibus
1800 1096 1879 1127 quo-

1143 1136 1325 1168 modolibet
1349 1135 1525 1168 innodatae
1551 1137 1713 1178 existunt,
1739 1138 1778 1169 ad
1805 1137 1880 1171 efl'e-

1144 1194 1228 1221 ctum
1248 1188 1468 1232 praesentium
1494 1190 1658 1222 dumtaxat
1681 1201 1881 1233 consequen-

1145 1242 1231 1281 dum,
1268 1242 1381 1274 harum
1417 1243 1501 1274 serie
1535 1242 1739 1276 absolventes
1771 1249 1803 1276 et
1826 1245 1881 1276 ab·

1145 1296 1265 1327 solutas
1292 1294 1361 1326 fore
1386 1300 1568 1334 censentes,
1586 1295 1878 1338 supplicationibus

1146 1358 1257 1380 eorum
1283 1347 1413 1380 nomine
1441 1347 1533 1380 nobis
1558 1358 1657 1390 super
1689 1348 1751 1381 hoc
1777 1347 1880 1380 humi-

1146 1401 1220 1434 liter
1255 1401 1413 1444 porrectis
1448 1400 1614 1441 inclinati,
1641 1401 1878 1444 praeinsertum

1146 1454 1313 1486 memorati
1341 1453 1490 1496 Gasparis
1516 1453 1689 1486 cardinalis
1715 1459 1746 1487 et
1769 1461 1881 1498 prote-

1146 1507 1244 1540 ctoris
1265 1508 1442 1546 decretum,
1462 1517 1533 1538 eum
1555 1507 1705 1540 omnibus
1728 1513 1759 1540 et
1776 1507 1882 1550 singu-

1147 1560 1184 1593 lis
1210 1560 1242 1592 in
1268 1560 1313 1593 eis
1338 1552 1516 1598 contentis,
1542 1559 1731 1592 auctoritate
1754 1565 1883 1602 aposto-

1147 1613 1224 1654 lica,
1250 1619 1362 1646 tenore
1393 1612 1626 1656 praesentium,
1654 1612 1881 1645 confirmamus

1147 1673 1177 1699 et
1195 1668 1422 1710 approbamus,
1443 1666 1572 1709 illisque
1598 1666 1793 1699 inviolabilis
1812 1677 1883 1709 apo·

1147 1720 1279 1752 stolicae
1311 1719 1468 1751 firmitatis
1501 1719 1600 1751 robur
1631 1719 1820 1757 adiicimus,
1847 1729 1884 1752 ac

1147 1783 1258 1805 omnes
1276 1777 1305 1804 et
1324 1772 1466 1813 singulos
1485 1770 1564 1803 iuris
1584 1776 1614 1803 et
1632 1771 1704 1803 faeti
1724 1771 1881 1812 desectus,

1148 1825 1173 1857 si
1200 1825 1253 1868 qui
1280 1825 1421 1867 desuper
1439 1824 1689 1867 quomodolibet
1704 1824 1884 1857 intervene-

1147 1879 1222 1918 rint,
1247 1879 1452 1921 supplemus,
1735 1903 1739 1905 μ

1192 1931 1258 1975 ξῧ.
1289 1932 1506 1964 Decernentes
1537 1931 1665 1963 easdem
1694 1935 1885 1974 praesentes

1148 1985 1271 2018 litteras
1289 1994 1418 2027 semper
1438 1982 1555 2023 sirmas,
1574 1983 1696 2016 validas
1722 1988 1755 2016 et
1780 1984 1886 2016 effica-

1149 2048 1201 2070 ces
1226 2036 1365 2070 existere
1391 2041 1423 2068 et
1447 2036 1529 2075 sore,
1556 2045 1697 2078 suosque
1722 2035 1885 2078 plenarios

1150 2096 1181 2123 et
1204 2090 1348 2132 integros
1372 2088 1502 2121 etl'ectus
1528 2087 1634 2121 sortiri
1661 2093 1692 2121 et
1708 2088 1859 2121 obtinere
1875 2115 1882 2129 ,

1150 2154 1184 2176 ac
1208 2143 1283 2183 illis,
1302 2143 1339 2175 ad
1366 2153 1446 2185 quos
1463 2147 1590 2185 spectat
1611 2146 1643 2174 et
1658 2151 1719 2184 pro
1738 2147 1883 2185 tempore

1151 2196 1324 2239 spectabit,
1350 2195 1538 2238 plenissime
1560 2193 1746 2236 suffragari,
1778 2199 1809 2226 et
1845 2193 1885 2226 ab

1152 2249 1198 2281 eis
1229 2248 1407 2291 respective
1433 2246 1669 2280 inviolabiliter
1694 2246 1883 2287 observari,

1152 2302 1264 2344 sicque
1297 2302 1328 2334 in
1358 2300 1547 2344 praemissis
1579 2310 1638 2343 per
1664 2310 1886 2343 quoscumque

1154 2355 1276 2388 iudices
1302 2354 1485 2388 ordinarios
1511 2359 1542 2386 et
1568 2353 1734 2395 delegatos
1751 2379 1758 2393 ,
1791 2353 1887 2385 etiam

1153 2418 1324 2441 causarum
1353 2407 1462 2450 palatii
1495 2406 1666 2450 apostolici
1699 2407 1885 2446 auditores,

1154 2461 1289 2495 iudicari
1311 2467 1342 2494 et
1367 2460 1492 2493 deliniri
1527 2460 1670 2501 debere,
1697 2470 1734 2492 ac
1759 2459 1887 2492 irritum

1155 2521 1187 2548 et
1203 2515 1299 2547 inane
1327 2514 1353 2546 si
1371 2524 1462 2546 secus
1482 2523 1580 2556 super
1605 2512 1655 2544 his
1672 2523 1690 2545 a
1707 2523 1886 2555 quoquam,

1155 2567 1264 2610 quavis
1301 2566 1508 2605 auctoritate,
1539 2566 1681 2598 scienter
1714 2566 1762 2598 vel
1798 2566 1887 2609 igno-

1156 2626 1282 2661 ranter,
1309 2618 1483 2662 contigerit
1503 2618 1665 2651 attentari.

1922 1940 2042 1962 Clausal-ne.
