2227 3225
93 248 143 276 An.
158 245 188 275 C.
211 245 277 274 ¹699

118 1420 282 1440 Co·nm==n.t.1inr

97 1446 138 1467 dux
154 1453 242 1473 eiusque
255 1447 282 1466 sa-

97 1476 177 1494 miliae.

163 2107 284 2133 nesignatio

101 2134 152 2155 dieti
167 2136 231 2155 ossi-‘ii
256 2136 285 2155 sa-

100 2161 285 2183 elatioanneAn-

101 2188 152 2209 drea
168 2188 240 2209 utinm
257 2189 285 2208 sa-

875 244 1086 269 lNNOCENTlUS
1110 245 1155 269 xlt
1179 246 1228 268 PP.

288 306 420 338 gamus;
461 295 645 338 ceterisque
684 293 859 328 contrariis
895 294 1032 337 quibus-

287 359 442 391 cumque.

330 402 445 434 Datum
472 401 604 441 Romae,
627 400 712 443 apud
734 400 765 434 S.
788 400 916 432 Mariam
935 399 1033 432 Maio-

286 465 365 493 rem,
395 455 454 486 sub
472 455 594 487 annulo
616 454 803 493 Piscatoris‘,
823 454 876 486 die
894 464 923 486 ix
943 460 1033 486 octo-

286 507 352 539 bris
367 517 521 544 nocxcix,
542 507 752 549 pontificatus
772 506 873 540 nostri
887 517 972 539 anuo
988 517 1030 539 ix.

325 569 382 596 Dat.
404 569 448 595 die
463 569 479 596 9
499 569 618 596 octobris
636 570 715 603 1699,
734 569 830 604 pontis.
847 577 919 596 anno
941 577 976 595 ix.

465 715 650 749 CLXXXVII
677 715 738 758 (al.
759 714 849 756 188).

290 794 514 836 Confirmatur
538 795 720 838 resiqnalio
744 795 831 837 facta
857 795 1033 828 Fraucisco

331 847 491 881 Farnesio
521 858 663 891 suaeque
697 848 850 890 familiae
874 858 1030 880 suecesso-

331 901 425 933 ribus
449 901 589 934 Parmae
613 905 642 934 et
666 901 857 935 Placentiae
881 901 1029 941 ducibus

332 965 405 987 cum
439 956 521 988 nove
546 956 765 995 concessione,
793 955 894 998 officii
918 955 1033 997 masmi

331 1008 488 1051 mayislri
512 1008 656 1041 militiae
681 1012 820 1041 auratae
846 1008 1033 1041 Constanti-

334 1060 492 1095 nieme&

290 1132 405 1160 Dilecto
421 1132 495 1164 filio,
512 1133 606 1160 nobili
621 1133 695 1166 viro,
718 1133 873 1161 Francisco
893 1134 1033 1161 Parnesio

423 1179 546 1205 Parmae
568 1182 598 1206 et
618 1179 791 1206 Placentiae
812 1179 899 1212 duci,

466 1232 666 1259 Innocentius
686 1233 765 1266 Papa
785 1233 836 1260 XII
848 1254 855 1264 ,

481 1295 594 1322 Dilecte
605 1295 659 1328 fili,
670 1295 781 1322 nobilis
793 1296 849 1327 vir,

326 1340 457 1366 salutem
476 1343 508 1366 et
527 1339 723 1373 apostolicam
747 1339 996 1369 benedictionem.

336 1410 469 1443 Sincera
494 1410 566 1443 fidei
593 1416 625 1443 et
648 1410 823 1453 singularis
849 1410 1032 1443 devotionis

291 1463 432 1504 affectus,
459 1474 556 1507 quem
581 1474 659 1506 erga
677 1475 734 1496 nos
753 1470 785 1496 et
801 1463 917 1497 Sedein
937 1464 1034 1506 Apos-

292 1517 424 1550 tolicam
464 1527 579 1559 gerere
619 1517 864 1561 comprobaris,
905 1527 1033 1550 necnon

292 1571 458 1613 praeclara
476 1575 508 1602 et
524 1570 718 1613 multiplicia
738 1570 873 1603 illustris
893 1570 1032 1602 familiae

292 1627 365 1655 tuae
391 1622 566 1656 Farnesiae
591 1623 623 1656 in
651 1623 798 1656 eamdem
824 1623 941 1656 Sedem
968 1633 1034 1656 ine·

292 1675 354 1708 rita
379 1686 438 1709 nos
463 1676 652 1717 adducunt,
679 1681 713 1710 ut
748 1687 786 1709 ea
811 1676 868 1709 tibi
899 1687 935 1709 ac
971 1677 1033 1709 tuis

294 1729 408 1761 suturis
434 1730 517 1762 natis
540 1730 817 1763 descendentibus
839 1730 976 1774 aliisque
1003 1741 1035 1763 e-

294 1782 419 1815 iusdem
445 1787 518 1815 tuae
543 1783 684 1815 familiae
710 1783 911 1826 principibus
930 1783 1034 1816 liben-

295 1840 344 1868 ter
378 1836 606 1877 concedamus,
647 1847 707 1879 per
745 1847 827 1880 quae
868 1838 1033 1870 honorum

293 1887 384 1921 vobis
409 1888 462 1920 siat
486 1889 647 1929 accessio,
675 1895 706 1922 et
731 1900 876 1932 perenne
903 1889 1035 1933 aliquod

294 1946 449 1984 paternae
482 1947 611 1975 nostrae
640 1942 672 1974 in
700 1947 730 1975 te
759 1948 911 1986 tuamque
946 1943 1037 1975 sami-

293 1995 369 2027 liam
395 1995 594 2038 praedictam
618 1996 792 2030 voluntatis
813 2001 898 2029 extet
921 2007 1037 2030 monu-

294 2054 452 2081 mentum.

339 2103 354 2145 ἓ
379 2102 410 2135 1.
437 2102 515 2136 Cum
540 2103 760 2147 itaque,sicut
785 2105 923 2138 dilectus
948 2104 1033 2137 silius

296 2155 418 2189 nobilis
450 2156 500 2188 vir
535 2156 672 2190 Ioannes
709 2158 856 2191 Andreas
889 2159 1034 2201 Angelus

100 2215 172 2235 mni-w
195 2208 423 2241 anseiaerlavius
454 2209 640 2242 Coninenus
660 2236 667 2250 ,
705 2210 861 2253 princeps
890 2211 1037 2244 Macedo-

100 2241 187 2262 flavian
197 2242 284 2261 Conine-
321 2261 326 2267 ,

101 2273 141 2288 nae
156 2283 161 2291 ,

101 2294 240 2316 continuatio.

196 2269 369 2295 ‹amnemae
405 2273 441 2295 ac
477 2273 616 2305 magnus
641 2263 799 2306 magister
823 2263 958 2297 militiae
984 2275 1036 2297 au-

295 2319 384 2347 ratae
398 2314 686 2348 Constantinianae
701 2316 760 2348 sub
781 2316 874 2349 titulo
893 2316 922 2350 S.
936 2316 1035 2350 Geor-

332 2377 340 2402 1
365 2376 395 2402 ln
417 2375 567 2403 innocentii
586 2376 619 2403 XI
641 2381 726 2404 const.
748 2377 791 2404 ed.
813 2384 971 2409 noetxxxw,
992 2377 1035 2404 die

294 2419 329 2446 26
347 2420 487 2455 februarii,
508 2421 603 2457 pontif.
625 2430 649 2455 x,
671 2422 809 2448 declarata
835 2422 887 2448 suit
914 2423 988 2449 nulla
1007 2431 1034 2449 a—

294 2465 404 2493 lienatio
424 2470 511 2493 status
530 2467 677 2494 Messerani
697 2475 713 2494 a
732 2467 801 2494 duce
821 2467 972 2494 Sabaudiae
996 2468 1035 2494 fa-

295 2514 347 2542 cta;
368 2514 394 2536 et
413 2511 441 2536 in
462 2511 609 2538 Clementis
628 2510 659 2538 xi
681 2517 768 2538 const.
791 2512 833 2538 ed.
856 2518 972 2544 iinccxx,
993 2512 1036 2539 die

294 2553 329 2580 26
343 2555 515 2590 septembris,
537 2556 633 2592 pontif.
655 2563 701 2588 xx,
724 2557 883 2584 conceditur
898 2558 954 2592 regi
971 2557 1037 2584 Por-

1073 294 1117 335 gii
1150 301 1182 327 et
1209 294 1323 335 regula
1351 293 1383 326 S.
1414 294 1527 327 Basilii
1560 295 1688 338 Magni,
1719 296 1813 329 nobis

1074 357 1180 389 nuper
1205 347 1409 389 significavit,
1436 347 1517 390 ipse,
1542 347 1607 390 qui,
1632 353 1667 381 ut
1691 350 1814 390 asserit,

1075 400 1196 432 nobilis
1221 405 1252 432 et
1276 399 1429 443 antiquae
1464 401 1605 433 familiae
1641 413 1716 435 suae
1753 404 1817 435 An-

1075 454 1167 495 gelae
1185 453 1312 486 Flaviae
1330 453 1515 486 Con'incnae
1531 455 1621 487 solus
1635 461 1814 497 superstes,

1075 517 1111 538 ac
1136 517 1201 539 non
1229 513 1293 539 tam
1320 507 1434 540 liberis
1460 518 1556 550 quam
1576 519 1634 551 spe
1652 507 1725 540 illos
1741 519 1817 550 pro-

1075 560 1207 593 creandi
1234 561 1409 593 destitutus
1435 561 1570 601 existit,
1602 561 1724 603 quippe
1761 563 1816 604 qui

1075 613 1107 646 in
1133 616 1285 656 provecta
1310 619 1415 647 aetate
1440 614 1637 646 constitutus
1664 615 1727 646 iam
1764 625 1818 648 re-

1074 667 1211 710 peritur,
1229 677 1358 699 necnon
1378 678 1493 710 parum
1519 667 1610 700 firma
1632 678 1668 700 ac
1686 667 1816 700 bellicis

1075 720 1242 752 aerumnis
1269 720 1352 753 sessa
1377 720 1564 753 valetudine
1590 721 1704 761 utitur,
1731 731 1819 753 sum-

1075 783 1210 816 mopere
1235 773 1368 816 cupiens
1394 773 1425 805 in
1452 773 1561 807 officio
1587 784 1642 807 seu
1680 784 1816 807 munere

1074 827 1183 869 magni
1210 827 1357 869 magistri
1395 838 1452 859 seu
1490 827 1640 870 perpetui
1678 827 1818 860 admini-

1076 880 1225 913 stratoris
1251 881 1387 913 militiae
1414 880 1615 924 praedictae,
1642 881 1729 923 quod
1746 881 1817 913 lon-

1076 933 1212 975 gissimo
1239 939 1385 976 tempore
1404 935 1444 966 ab
1463 934 1532 967 eius
1551 934 1817 977 progenitoribus

1075 987 1229 1020 continua
1256 998 1292 1019 ac
1317 998 1382 1020 non
1420 987 1605 1030 interrupta
1640 988 1724 1020 serie
1759 988 1818 1021 ob-

1076 1046 1201 1072 tentum
1238 1045 1270 1072 et
1306 1051 1492 1083 possessum
1532 1041 1608 1079 suit,
1650 1041 1718 1073 dari
1755 1041 1817 1073 sibi

1075 1104 1298 1126 successorem
1325 1094 1559 1136 praevalidum,
1577 1094 1668 1127 cuius
1695 1105 1755 1137 ope
1781 1105 1818 1128 ac

1076 1147 1193 1179 virtute
1235 1147 1351 1179 militia
1390 1148 1537 1190 praefata
1578 1148 1742 1180 relevetur
1786 1153 1818 1180 et

1076 1205 1308 1242 praeservetur
1334 1211 1350 1232 a
1375 1200 1490 1239 noxiis,
1517 1211 1642 1233 necnon
1674 1201 1819 1233 laetiori-

1076 1252 1146 1291 bus,
1171 1253 1386 1285 benedicente
1411 1253 1571 1293 Domino,
1597 1253 1749 1297 proficiat
1774 1254 1819 1286 in-

1076 1306 1263 1346 crementis,
1283 1307 1321 1338 ad
1341 1306 1545 1339 nobilitatem
1566 1312 1651 1339 tuam
1677 1307 1819 1350 egregiis

1077 1364 1212 1392 naturae
1248 1359 1438 1403 gratiaeque
1464 1360 1592 1393 divinae
1626 1362 1817 1394 muneribus

1076 1413 1338 1455 praefulgentem
1364 1413 1485 1445 mentis
1511 1424 1585 1447 suae
1605 1415 1718 1447 oculos
1743 1425 1820 1458 pro-

1077 1466 1149 1499 vide
1176 1467 1357 1506 direxerit,
1383 1467 1575 1510 iuribusque
1602 1467 1662 1500 sibi
1690 1469 1749 1501 liae
1785 1468 1819 1501 in

1077 1530 1110 1552 re
1146 1519 1260 1562 quovis
1298 1521 1395 1553 inodo
1434 1522 1723 1563 competentibus,
1760 1531 1819 1555 seu

1077 1583 1158 1615 quae
1169 1573 1232 1605 sibi
1248 1579 1435 1616 competere
1448 1574 1699 1615 existimaverat,
1712 1580 1817 1616 utens,

1079 1626 1156 1665 tibi,
1183 1637 1220 1658 ac
1259 1627 1322 1659 tuis
1357 1627 1538 1660 successive
1574 1628 1680 1668 natis,
1718 1639 1822 1671 nepo—

1077 1679 1163 1711 tibus
1181 1685 1212 1711 et
1223 1679 1511 1719 descendentibus,
1525 1680 1664 1723 aliisque
1677 1681 1820 1715 familiae

1078 1738 1149 1765 tuae
1164 1732 1340 1766 Farnesiae
1365 1734 1550 1776 praedictae
1573 1735 1819 1768 successoribus

1078 1785 1209 1818 Parmae
1237 1791 1269 1818 et
1293 1786 1478 1819 Placentiae
1506 1787 1645 1819 ducibus
1665 1798 1724 1830 pro
1743 1794 1821 1821 tem-

1078 1848 1156 1881 pore
1182 1838 1397 1871 existentibus
1417 1865 1424 1879 ,
1451 1839 1590 1872 officium
1616 1850 1673 1872 seu
1700 1851 1819 1874 munus

1079 1891 1267 1924 huiusmodi
1304 1892 1496 1933 (reservato
1532 1898 1639 1926 tamen
1681 1894 1821 1937 desuper

1079 1948 1191 1977 nostro
1218 1950 1248 1977 et
1273 1945 1377 1978 dictae
1401 1946 1495 1979 Sedis
1522 1947 1754 1991 beneplacito)
1774 1959 1821 1981 re·

1079 1998 1273 2040 signaverit:
1295 1999 1371 2032 binc
1392 2005 1440 2032 cst
1471 2001 1556 2043 quod
1590 2011 1657 2041 nos,
1686 2012 1822 2045 speran-

1080 2056 1127 2084 tes
1154 2052 1186 2083 in
1212 2052 1362 2093 Domino,
1389 2058 1437 2093 te,
1476 2054 1537 2095 cui,
1564 2060 1696 2097 praeter
1720 2065 1821 2098 gene-

1079 2104 1123 2137 ris
1153 2105 1363 2148 splendorem
1390 2117 1426 2139 ac
1451 2107 1633 2141 domestica
1657 2109 1819 2142 maiorum

1079 2159 1250 2200 exempla,
1277 2159 1457 2192 catholicae
1484 2160 1655 2203 religionis
1678 2162 1819 2194 tuendae

1078 2212 1190 2251 zelus,
1216 2211 1365 2256 aliaeque
1392 2213 1528 2246 eximiae
1545 2241 1552 2253 ‚
1579 2224 1615 2246 ac
1652 2213 1707 2257 pio
1745 2224 1821 2257 pru-

1079 2265 1233 2308 dentique
1248 2266 1397 2310 principe
1415 2267 1532 2310 dignae
1546 2268 1679 2301 virtutes
1691 2268 1820 2301 abunde

1080 2317 1320 2360 suffragantur,
1356 2321 1491 2353 militiae
1528 2321 1714 2364 praedictae
1747 2323 1820 2365 plu-

1078 2373 1194 2405 rimum
1221 2373 1393 2413 utilitatis,
1421 2374 1609 2417 adspirante
1623 2375 1755 2417 superni
1778 2375 1821 2406 sa-

1078 2426 1165 2459 voris
1177 2427 1298 2460 auxilio
1310 2454 1317 2466 ,
1336 2428 1510 2460 allaturum
1526 2438 1607 2467 esse,
1622 2437 1658 2460 ac
1681 2427 1820 2470 proinde

1078 2480 1225 2514 felicibus
1243 2480 1388 2514 eiusdem
1410 2481 1544 2514 militiae
1564 2481 1793 2524 progressibus
1811 2506 1818 2522 ‚

1078 2543 1175 2576 quae,
1201 2538 1236 2565 ut
1260 2533 1429 2574 asseritur,
1456 2534 1592 2567 diversis
1625 2533 1817 2577 privilegiis,

294 2598 431 2633 tugalliae,
451 2603 482 2626 ut
499 2601 639 2636 suscipere
654 2602 741 2629 valeat
755 2602 871 2637 insignia
890 2610 906 2629 a
926 2602 1038 2637 patriar·
1078 2586 1191 2629 gratiis
1216 2592 1247 2620 et
1273 2587 1407 2620 indultis
1442 2598 1459 2620 a
1488 2587 1736 2630 quamplurimis
1759 2587 1820 2620 Ro·

296 2641 348 2671 cha
367 2643 570 2679 Ulissiponensi.

1077 2639 1180 2673 manis
1200 2639 1410 2675 Pontificibus
1427 2640 1739 2685 praedecessoribus
1759 2650 1820 2676 no-

1712 237 1775 271 909
1822 246 1872 274 An.
1893 246 1922 274 e.
1941 247 2009 275 1699
