2254 3225
203 264 252 291 Au.
274 263 302 290 C.
325 262 390 290 1608

230 645 351 666 clamatae.

273 1447 385 1471 [lert-gatii)

203 1475 284 1494 contr-ti
292 1475 365 1494 ‘torui-u.

438 253 501 288 815&

399 312 588 357 apostoliea,
616 317 728 347 tenore
762 311 991 356 praesentium,
1027 311 1142 345 contir-

398 377 524 399 mamus
546 372 578 400 et
609 367 841 410 approbamus,
867 366 981 410 illique
1007 366 1142 398 inviola-

397 420 472 453 hilis
498 424 529 453 et
553 420 755 463 apostolieae
776 419 936 452 firmitatis
961 419 1062 453 robur
1087 419 1142 451 ad-

400 473 548 514 iicimus,
575 485 611 507 ac
637 485 750 508 omnes
776 479 807 507 et
831 473 977 516 singulos
1003 473 1082 505 iuris
1111 478 1141 505 et

400 527 473 560 sacti
500 528 658 567 desectus,
685 527 710 560 si
742 527 795 571 qui
829 528 971 569 desuper
1008 536 1142 569 quomo-

400 580 526 614 dolibet
551 581 799 620 intervenerint,
826 581 1028 623 supplemus.

443 634 457 676 ἓ
482 633 513 666 4.
541 633 771 673 Decernentes,
796 633 925 666 easdem
953 636 1142 675 praesentes

400 686 524 720 litteras
549 697 681 729 semper
706 687 812 719 slt'mssS
829 713 836 727 ,
863 686 985 719 validas
1011 690 1042 718 et
1067 685 1141 718 esli-

400 750 492 772 caces
519 739 658 772 existere
685 744 717 771 et
742 740 823 780 sore,
851 749 992 782 suosque
1022 739 1138 782 plena-

399 792 464 825 rios
490 798 522 824 et
546 792 692 837 integros
718 792 850 826 effectus
876 792 983 825 sortiri
1006 798 1037 824 et
1063 791 1142 825 obti-

398 855 487 885 nere,
506 856 542 878 ac
560 846 599 878 ab
617 846 691 885 inis,
711 846 750 878 ad
770 856 851 889 quos
874 851 999 889 spectat
1025 850 1057 878 et
1080 856 1140 888 pro

399 905 548 942 tempore
568 900 838 942 quandocumque
849 898 1016 941 spectabit,
1032 898 1063 931 in
1079 909 1143 931 om-

398 952 493 985 nibus
515 958 546 985 et
564 964 623 996 per
636 952 742 985 onmia
759 952 947 995 plenissime
962 951 1141 993 suffragari,

398 1012 429 1039 et
455 1007 494 1038 ab
516 1006 561 1038 eis
581 1006 760 1049 respective
779 1005 1011 1038 inviolabiliter
1031 1007 1142 1039 obser-

397 1060 487 1099 vari,
515 1060 626 1102 sicque
663 1059 695 1091 in
727 1059 914 1102 praemissis
951 1070 1010 1102 per
1049 1070 1142 1102 quos-

396 1124 536 1156 cumque
571 1113 696 1145 iudices
729 1112 914 1145 ordinarios
946 1119 977 1146 et
1009 1114 1141 1156 delega-

395 1171 458 1206 tos,
498 1167 594 1199 etiam
628 1177 797 1199 causarum
832 1167 944 1209 palatii
970 1168 1141 1210 apostolici

395 1220 586 1259 auditores,
615 1219 750 1251 iudicari
780 1224 811 1252 et
837 1219 967 1252 deliniri
1004 1221 1139 1261 debere,

396 1284 431 1306 ae
452 1273 580 1306 irritum
600 1278 631 1306 et
648 1273 754 1313 inane,
774 1272 797 1305 si
817 1284 910 1306 secus
928 1285 1028 1318 super
1053 1275 1104 1307 his
1124 1286 1141 1308 a

396 1338 572 1370 quoquam,
610 1328 720 1370 quavis
756 1327 962 1369 auctoritate,
998 1329 1142 1362 scienter

396 1382 445 1414 vel
465 1382 669 1424 ignoranter,
690 1381 867 1423 contigerit
887 1383 1039 1415 attentari

441 1436 454 1478 ἓ
488 1435 518 1468 5.
546 1435 616 1468 Non
654 1435 863 1468 obstantibus
897 1437 1138 1470 constitutioni-

396 1488 456 1521 bus
482 1494 514 1521 et
549 1488 814 1521 ordinationibus
854 1489 1063 1531 apostolicis,
1088 1502 1137 1531 ac,

397 1546 556 1584 quatenus
584 1552 665 1584 opus
684 1542 731 1581 sit,
756 1541 942 1585 provinciae
964 1548 994 1575 et
1012 1543 1140 1576 Ordinis

397 1595 651 1638 praedictorum,
683 1595 777 1628 etiam
803 1595 997 1637 iuramento,
1024 1597 1141 1630 confir-

396 1648 539 1681 matione
558 1649 746 1691 apostolica,
768 1651 818 1682 vel
845 1650 956 1693 quavis
989 1650 1139 1685 firmitate

396 1702 459 1735 alia
484 1702 659 1742 roboratis,
687 1703 813 1735 statutis
836 1709 868 1735 et
893 1705 1140 1737 consuetudini-

396 1756 464 1798 bus,
490 1756 670 1800 privilegiis
699 1768 842 1800 quoque,
870 1757 1007 1791 indultis
1027 1764 1059 1791 et
1090 1758 1141 1791 lit-

397 1809 475 1842 teris
504 1810 694 1853 apostolicis
713 1810 745 1841 in
764 1811 962 1843 contrarium
987 1812 1142 1855 praemis-

397 1873 505 1895 sorum
531 1863 781 1906 quomodolibet
810 1865 986 1904 concessis,
1026 1866 1141 1898 contir-

396 1917 491 1949 matis
519 1923 551 1950 et
576 1917 754 1957 innovatis;
783 1918 900 1961 quibus
926 1918 1078 1951 omnibus
1110 1925 1142 1952 et

396 1970 542 2013 singulis,
573 1970 704 2003 illorum
741 1976 873 2004 tenores
910 1972 1140 2015 praesentibus

395 2035 455 2067 pro
479 2025 576 2067 plene
596 2030 627 2058 et
645 2024 845 2057 sufficienter
863 2026 1025 2069 expressis
1043 2037 1078 2059 ac
1102 2028 1140 2059 ad

394 2078 530 2110 verbum
556 2078 684 2110 insertis
711 2079 879 2119 habentes,
912 2079 976 2112 illis
999 2080 1079 2113 alias
1108 2081 1140 2113 in

397 2142 455 2164 suo
474 2132 592 2164 robore
620 2132 858 2174 permansuris,
885 2133 923 2165 ad
950 2134 1141 2176 praemisso-

395 2195 465 2217 rum
499 2185 670 2224 effectum,
697 2185 758 2218 liac
782 2186 850 2219 vice
869 2187 1043 2227 dumtaxat,
1069 2198 1140 2231 spe-

397 2238 523 2270 cialiter
556 2243 588 2270 et
623 2249 776 2281 expresse
806 2239 1019 2282 derogamus3
1054 2246 1141 2274 ecte-

397 2291 507 2334 risque
533 2291 706 2324 contrariis
732 2293 1004 2336 quibuscumque.

441 2345 553 2376 Datum
580 2344 714 2384 Itomae,
742 2345 827 2388 apud
856 2345 887 2378 S.
918 2346 1047 2379 Mariam
1078 2347 1141 2380 Ma-

396 2398 499 2431 iorem
516 2424 523 2438 ,
550 2398 611 2429 sub
645 2399 767 2430 annulo
794 2397 987 2439 Piso-amris,
1011 2399 1062 2432 die
1089 2410 1140 2434 xlx

395 2450 525 2493 augusti
558 2459 744 2492 MDCvaHl,
782 2450 993 2493 pontificatus
1030 2453 1137 2486 nostri

397 2516 482 2538 anno
502 2515 572 2538 vm.

432 2567 493 2594 Dat.
513 2567 557 2594 die
580 2567 611 2600 19
632 2566 739 2602 augusti
760 2567 837 2602 1698,
857 2568 956 2602 pontis.
975 2577 1046 2597 anno
1064 2576 1118 2596 vni.

983 262 1164 286 BELLARH'M
1191 261 1344 286 noMANtJM

2249 197 2250 224 i

1937 262 1985 288 An.
2003 261 2030 289 c.
2053 262 2119 291 ¹698
2249 254 2251 293 ἓ

1488 309 1614 345 CLXIV.
2250 307 2254 366 ’ἵ

1187 382 1433 425 Confirmamur
1453 383 1517 416 duo
1541 383 1666 415 decreta
1698 383 1845 416 ministri
1874 393 1927 426 qe-

1229 436 1354 470 neralis
1385 438 1470 469 circa
1505 437 1686 479 hospitium
1715 437 1751 469 in
1782 437 1927 470 coenobio

1229 490 1266 523 (Ie
1289 490 1446 523 Aracaeli
1461 490 1499 523 de
1519 490 1601 523 Urbe
1615 500 1674 533 pro
1691 490 1835 532 fratrum
1857 501 1928 533 pro-

1229 544 1418 576 vinciar-um
1454 543 1633 576 Indiarum
1667 542 1929 576 Occidentalium

1231 595 1367 629 Ordinis
1392 596 1557 628 Mz'normn
1574 595 1679 628 sancti
1698 595 1872 629 Francisci
1891 596 1929 630 de

1231 648 1446 682 Obseruantia
1459 648 1480 682 ¹.

1369 728 1566 756 Innocentius
1587 728 1666 762 Papa
1685 729 1748 759 XII,

1329 774 1365 800 ad
1387 773 1521 800 futuram
1543 773 1587 801 rei
1607 774 1790 801 memoriam.

1230 846 1244 888 ἓ
1267 845 1297 878 t.
1317 845 1440 889 Exponi
1460 845 1555 879 nobis
1574 857 1680 889 nuper
1700 846 1776 879 feeit
1790 846 1928 881 dilectus

1186 898 1271 931 filius
1296 898 1446 932 Nicotaus
1473 899 1511 932 de
1537 899 1625 933 Leon
1651 900 1751 933 frater
1776 911 1929 944 expresse
2253 902 2254 930 l

1187 952 1351 995 professus
1377 952 1566 995 provinciae
1592 953 1639 986 Ss.
1673 953 1726 986 >111
1758 954 1929 997 Apostolo—

1187 1017 1256 1039 rum
1275 1006 1308 1039 in
1326 1017 1429 1049 regno
1446 1006 1601 1040 Peruviae
1623 1007 1751 1040 Ordinis
1769 1008 1929 1041 Minorum

1186 1060 1287 1092 saneti
1313 1060 1475 1094 Francisci
1503 1061 1542 1094 de
1568 1060 1779 1095 Observantia
1803 1072 1930 1095 nuncu-

1186 1119 1349 1156 patorum,
1376 1115 1474 1157 quod,
1502 1125 1576 1148 eum
1602 1115 1682 1148 alias
1700 1115 1770 1159 ipse
1792 1115 1873 1159 (qui,
1894 1120 1929 1149 ut

1186 1167 1311 1207 asserit„
1329 1168 1431 1201 lector
1455 1168 1608 1201 iubilatus
1633 1179 1669 1202 ac
1694 1169 1796 1202 Officii
1822 1165 1932 1213 inqui?

1185 1220 1312 1253 sitionis
1338 1221 1413 1254 dicti
1436 1222 1528 1264 regni
1554 1222 1770 1266 qualificator‚
1798 1234 1929 1257 necnon

1185 1285 1300 1307 causae
1326 1274 1585 1309 canonizationis
1618 1276 1652 1309 B.
1680 1276 1845 1310 Francisei
1871 1277 1928 1311 So-

1184 1328 1261 1368 lani,
1287 1328 1363 1361 dum
1388 1328 1474 1369 vixit,
1491 1329 1637 1362 eiusdem
1654 1329 1782 1363 Ordinis
1808 1332 1929 1374 profes-

1185 1382 1284 1422 soris,
1310 1382 1342 1415 in
1369 1383 1514 1416 Romana
1545 1383 1642 1417 Curia
1672 1390 1867 1428 procurator
1897 1391 1930 1420 et,

1184 1436 1378 1469 secretarius
1404 1437 1566 1479 generalis
1601 1437 1675 1470 dicti
1708 1437 1837 1471 Ordinis
1863 1439 1928 1472 exi-

1185 1489 1252 1533 stit)
1270 1500 1306 1522 ex
1332 1491 1549 1534 eleemosynis
1568 1491 1807 1534 provinciarum
1825 1493 1929 1527 India-

1186 1553 1255 1575 rum
1273 1542 1528 1576 Occidentalium
1548 1544 1650 1587 ipsius
1667 1545 1795 1579 Ordinis
1815 1547 1928 1590 hospi·

1187 1596 1263 1628 tium
1294 1596 1460 1639 quoddam
1492 1597 1525 1629 in
1551 1602 1712 1631 conventu
1749 1598 1780 1631 S.
1810 1599 1928 1633 Mariae

1186 1650 1225 1682 de
1251 1650 1395 1683 Aracaeli
1416 1655 1602 1693 nuncupato
1622 1651 1660 1684 de
1682 1651 1778 1692 Urbe,
1797 1651 1928 1687 Ordinis

1187 1703 1382 1743 huiusmodi,
1400 1714 1458 1747 pro
1481 1704 1645 1747 religiosis
1672 1705 1827 1738 dictarum
1852 1717 1929 1750 pro-

1186 1757 1361 1790 vinciarum
1387 1757 1543 1800 privative
1569 1758 1609 1790 ad
1635 1757 1716 1791 alios
1734 1764 1942 1793 construere„

1186 1811 1382 1849 intenderet,
1418 1813 1521 1854 eaque
1547 1811 1586 1843 de
1621 1814 1714 1844 causa
1748 1813 1929 1847 venerabili

1187 1864 1276 1897 fratri
1291 1865 1537 1897 Bonaventurae
1552 1864 1666 1898 Poei‘io
1680 1866 1929 1910 archiepiscopo

1186 1917 1401 1958 Salernitano‚
1428 1918 1482 1961 qui
1506 1924 1582 1951 tunc
1600 1918 1740 1952 ministri
1767 1920 1928 1962 generalis

1186 1971 1331 2004 eiusdem
1371 1970 1500 2004 Ordinis
1538 1982 1672 2005 munere
1711 1973 1927 2015 fungebatur,

1185 2025 1370 2068 supplicem
1412 2025 1560 2058 libellum
1602 2036 1701 2069 super
1736 2027 1927 2070 praemissis

1186 2079 1388 2121 porrexisset
1413 2078 1535 2112 tenoris
1567 2079 1621 2123 qui
1647 2080 1815 2123 sequitur,
1840 2080 1949 2114 vide-⁷

1187 2133 1278 2165 licet:

1235 2199 1247 2218 ι(
1260 2185 1541 2219 Reverendissime
1560 2192 1662 2229 pater.
1678 2187 1857 2230 Exponitur
1872 2188 1928 2220 hu-
1939 2194 2125 2241 be1ffi'¹p¹3¹2“t-‘.-..2¹l3

1185 2240 1309 2273 militer
1341 2239 1632 2273 reverendissimae
1658 2240 1848 2284 paternitati
1875 2247 1964 2274 ve-rii
2000 2231 2123 2272 'abncral'is

1938 2279 1975 2299 pro
2001 2276 2124 2294 construen-

1185 2299 1270 2326 strae
1289 2304 1348 2337 pro
1373 2298 1465 2336 parte
1492 2293 1596 2326 fratris
1621 2293 1744 2326 nicolai
1764 2294 1802 2327 de
1828 2294 1926 2336 Leon,
1939 2301 1964 2319 do
2010 2300 2124 2330 napum,
2187 2313 2193 2327 x

1939 2327 1994 2353 quod
2011 2333 2077 2353 primu
2093 2333 2125 2346 in-

1185 2347 1315 2380 lectoris
1329 2345 1463 2386 iubilati,
1483 2357 1594 2379 sacrae
1614 2346 1835 2390 inquisitionis
1855 2358 2019 2391 qua-servire
2046 2353 2124 2375 debeat

1220 2410 1229 2435 1
1254 2409 1283 2435 ln
1304 2409 1455 2436 Innocentii
1475 2408 1509 2435 XI
1529 2413 1615 2435 const.
1637 2408 1680 2435 ed.
1701 2415 1868 2442 nncnxxuu,
1884 2409 1928 2437 die

1182 2454 1216 2479 25
1228 2454 1300 2487 maii,
1314 2453 1409 2489 pontif.
1427 2460 1455 2488 11,
1470 2454 1559 2488 agitur
1571 2453 1603 2480 de
1620 2452 1787 2479 habitatione
1803 2453 1929 2480 commis-

1182 2498 1244 2525 sarii
1265 2499 1386 2534 generali
1405 2498 1619 2525 Terraesanctae
1635 2497 1660 2523 in
1676 2497 1784 2525 civitate
1805 2497 1926 2534 Neapoli;

1182 2547 1208 2569 et
1232 2543 1258 2568 in
1279 2542 1425 2570 Clementis
1450 2542 1482 2568 xt
1503 2545 1589 2568 const.
1610 2542 1653 2568 ed.
1674 2548 1801 2577 moccxil,
1830 2542 1874 2568 die
1893 2542 1927 2568 23

1182 2586 1356 2622 septembris,
1378 2586 1472 2622 pontif.
1493 2593 1541 2620 x11,
1563 2585 1596 2612 de
1616 2585 1732 2621 hospitio
1752 2586 1779 2613 S.
1800 2586 1872 2614 Petri
1892 2586 1926 2614 de

1181 2633 1323 2658 Alcantara
1353 2631 1385 2658 de
1420 2630 1519 2658 Portitti
1545 2630 1660 2657 fratrum
1692 2631 1925 2659 Discalceatorum

1182 2677 1327 2714 Hispaniae
1347 2677 1375 2704 in
1394 2676 1513 2705 dioecesi
1533 2675 1721 2712 Neapolitana.

1965 856 2053 883 Species
2065 856 2123 878 [aeti.
