2254 3225
264 232 310 256 tn.
328 229 355 255 c.
381 228 445 255 1609.
492 220 555 255 568

448 279 533 321 quod
563 279 637 323 ipsi,
664 281 788 314 tametsi
815 281 961 314 habitum
987 292 1047 325 per
1072 281 1188 315 fratres

449 331 526 364 dicti
545 332 675 366 Ordinis
696 333 815 376 gestari
835 334 969 367 solitum
989 334 1022 367 in
1047 344 1188 368 conven-

449 384 535 417 tibus
561 386 734 430 praedictis
758 387 973 431 susceperint,
990 379 1085 432 atque
1108 388 1188 422 inibi

448 440 748 480 quamexactissime
774 441 1026 474 constitutiones
1043 441 1189 474 eiusdem

447 489 589 533 Ordinis,
616 492 703 525 iuxta
734 494 970 536 praescriptum
1000 492 1187 526 decretum¹

448 544 552 578 felicis
566 546 798 579 recordationis
812 546 986 580 Clementis
995 546 1059 579 vul
1074 551 1106 579 et
1119 547 1189 579 Ale·

447 599 561 631 xandri
576 599 636 640 vn,
651 600 870 633 Romanorum
888 599 1082 633 Pontificum
1099 609 1188 642 prae·

447 651 655 685 decessorum
692 658 889 693 nostrorum,
927 663 963 685 ac
998 651 1188 695 specialium

446 705 687 738 ordinationum
718 705 985 749 Congregationis
1019 705 1188 738 venerabi-

447 757 526 790 lium
553 758 687 791 fratrum
713 764 898 792 nostrorum
923 758 954 792 S.
975 758 1011 791 R.
1031 758 1066 791 E.
1086 758 1186 791 cardi-

446 811 570 844 nalium
596 811 736 854 negotiis
755 817 787 844 et
805 811 1099 845 consultationibus
1118 811 1186 855 epi-

445 875 620 907 scoporum
636 868 666 898 et
679 865 877 907 regularium
897 864 1115 908 praepositae,
1134 864 1185 897 ob·

445 928 575 951 servare
612 919 768 951 hactenus
799 918 995 958 studuerint,
1021 923 1052 951 et
1075 918 1185 952 adhuc

444 971 594 1004 studeant
620 971 659 1004 de
684 971 860 1014 praesenti,
887 971 1017 1014 illisque
1043 970 1185 1014 superio-

443 1034 496 1056 res
520 1023 649 1057 Ordinis
676 1023 834 1066 praedicti
855 1023 994 1066 polliciti
1014 1023 1132 1056 suerint
1150 1034 1184 1056 se

444 1075 490 1108 eis
516 1080 709 1119 potestatem
744 1075 883 1108 facturos
916 1075 1062 1108 eamdem
1087 1076 1184 1119 plane

442 1129 524 1162 vitae
561 1129 731 1168 rat10nem,
769 1140 864 1173 quam
901 1129 934 1162 in
971 1129 1184 1162 conventibus

442 1182 637 1225 supradictis
663 1182 814 1222 inierant,
840 1183 972 1226 Deoque
997 1183 1185 1226 spoponde-

442 1240 524 1275 rant,
551 1235 778 1276 continuandi;
798 1235 1010 1268 nihilominus
1029 1235 1068 1268 de
1094 1246 1185 1278 prae-

443 1288 527 1320 senti
560 1299 618 1331 pro
651 1288 717 1321 suis
744 1288 858 1321 studiis
884 1289 1126 1332 prosequendis
1152 1289 1183 1321 in

443 1352 499 1375 eos
524 1342 599 1374 dicti
618 1342 748 1375 Ordinis
769 1348 949 1375 conventus
974 1353 1007 1375 sc
1034 1342 1184 1375 conferre

443 1396 693 1438 compelluntur,
731 1395 762 1428 in
800 1395 917 1438 quibus
952 1395 1031 1428 illud
1057 1394 1183 1428 vivendi

444 1458 554 1490 genuS,
581 1448 632 1480 cui
664 1448 726 1491 ipsi
759 1447 791 1481 in
817 1448 879 1480 vim
914 1448 1183 1481 constitutionum

442 1501 684 1544 praedictarum
708 1512 745 1534 ac
766 1501 961 1535 solemnium
982 1511 1115 1534 suorum
1136 1512 1186 1535 vo-

444 1559 551 1587 torum
577 1554 696 1587 addicti
721 1554 945 1598 reperiuntur,
963 1554 1097 1587 minime
1117 1564 1170 1587 ser

442 1612 546 1640 vatur.
578 1607 737 1645 Quocirca
768 1612 968 1651 exponentes
1000 1608 1181 1650 praedicti,

443 1660 676 1693 imbecillitatis
701 1671 778 1694 suae
803 1660 908 1704 probe
933 1660 1065 1701 conscii,
1091 1671 1126 1694 se
1151 1661 1183 1694 in

443 1718 591 1756 suscepto
612 1713 760 1746 instituto
785 1723 980 1756 permanere
1006 1724 1103 1756 posse
1128 1714 1184 1747 dis.

444 1766 563 1806 fidunt,
597 1777 633 1799 ac
657 1767 806 1810 pluribus
831 1767 977 1806 illorum,
1006 1766 1070 1809 qui,
1095 1772 1185 1810 post-

444 1831 541 1864 quam
559 1819 733 1863 aliquando
752 1819 934 1852 studiorum
951 1821 1046 1852 causa
1061 1820 1093 1852 in
1111 1831 1185 1853 con-

443 1878 559 1905 ventus
585 1872 769 1905 huiusmodi
787 1883 820 1905 se
839 1873 1083 1913 transtulerant,
1102 1884 1184 1906 nun-

444 1937 538 1970 quam
565 1927 604 1959 ad
630 1926 799 1969 pristinam
816 1926 897 1959 vitae
915 1936 1062 1959 normam
1080 1927 1184 1960 redie-

443 1984 530 2019 runt,
557 1978 713 2022 exemplis
739 1978 857 2018 edocti,
882 1989 922 2011 ne
948 1979 1009 2011 sibi
1035 1979 1184 2013 similiter

444 2033 483 2065 ab
509 2037 642 2075 arrepto
667 2031 838 2075 proposito
869 2031 1035 2064 declinare
1061 2032 1184 2065 contin-

445 2090 508 2127 gat,
529 2095 735 2128 summopere
761 2090 928 2126 verentur,
955 2085 1016 2118 nisi
1042 2096 1059 2118 a
1089 2086 1182 2119 nobis

445 2138 588 2171 districte
609 2137 826 2181 prohibeatur
842 2149 883 2171 ne
908 2138 980 2181 ipsi,
1006 2139 1066 2171 sub
1092 2149 1183 2182 prae-

445 2195 532 2223 textu
557 2190 746 2231 studiorum,
765 2201 781 2223 a
801 2191 1013 2224 conventibus
1034 2192 1184 2234 primodi-

444 2244 503 2276 ctis
529 2243 672 2277 amoveri
696 2245 835 2285 valeant,
861 2245 911 2278 vel
936 2245 1050 2277 saltem
1074 2245 1184 2278 decer-

444 2302 540 2330 natur
559 2302 595 2329 ut
619 2297 748 2330 nonnisi
770 2297 801 2330 in
828 2297 908 2331 alios
933 2303 1122 2339 conventus,
1149 2298 1183 2331 in

444 2349 561 2393 quibus
599 2359 711 2383 revera
736 2354 801 2382 tum
826 2351 890 2383 vita
925 2351 1104 2384 communis
1128 2350 1184 2384 ob-

444 2406 606 2442 servetur,
634 2407 700 2434 tum
725 2403 883 2445 regularis
908 2403 1114 2436 observantia
1140 2403 1184 2436 vi-

443 2459 527 2496 geat,
551 2454 634 2488 mitti
654 2455 803 2494 debeant,
829 2456 1103 2498 quemadmodum
1125 2467 1184 2500 per

443 2508 607 2552 quoddam
633 2508 797 2542 decretum
814 2518 833 2541 a
850 2510 1045 2542 recolendae
1061 2520 1184 2543 merno-

479 2625 489 2657 1
513 2623 607 2654 Potius
631 2623 688 2659 lege
710 2624 888 2653 decrelorum
910 2624 948 2658 (n.
964 2624 1014 2660 T.).

1036 232 1213 258 BULLARIUM
1238 234 1392 259 ROMANUM

1231 282 1297 316 riae
1321 283 1512 317 Innocentio
1536 283 1596 317 Pr.
1616 284 1639 316 X
1667 284 1760 317 etiam
1779 284 1970 327 praedeces-

1231 346 1304 370 sore
1329 343 1439 371 nostro
1460 337 1589 377 editum,
1616 337 1695 371 etin
1713 339 1853 381 capitulo
1870 348 1970 380 gene-

1231 389 1292 422 rali
1316 389 1446 423 Ordinis
1470 391 1607 434 praefati
1633 391 1665 423 in
1692 390 1752 424 hac
1776 391 1860 423 alma
1883 389 1969 423 Urbe

1232 442 1284 475 die
1308 453 1326 475 v
1351 443 1432 475 iunii
1457 453 1543 476 nmen
1578 443 1757 484 celebrato,
1783 443 1966 476 ordinatio-

1231 506 1271 529 ne
1289 506 1319 528 vr
1344 495 1521 539 incipiente
1538 496 1584 529 De
1607 500 1692 529 nutu
1708 497 1875 541 iussuque,
1894 501 1966 537 etc„

1231 553 1444 591 acceptatum,
1468 558 1596 582 necnon
1619 559 1680 593 per
1703 549 1791 583 aliud
1816 549 1968 583 similiter

1231 601 1398 634 decretum
1413 601 1546 635 alterius
1559 601 1693 645 capituli
1707 602 1869 645 generalis
1884 602 1969 635 eius-

1230 654 1303 688 dem
1327 654 1457 688 Ordinis
1482 655 1664 689 Vallisoleti
1686 666 1770 689 anno
1794 665 1878 690 nncv
1903 655 1964 689 ha-

1228 707 1299 748 biti,
1319 708 1525 742 ordinatione
1552 719 1602 743 xv1
1625 708 1805 751 incipiente
1828 708 1871 742 In
1896 709 1968 752 qui-

1229 760 1298 801 bus,
1324 765 1395 802 etc„
1422 760 1662 805 praescriptum
1693 761 1793 794 fuisse
1826 761 1966 801 dicitur,

1228 824 1363 858 quorum
1389 814 1593 847 decretorum
1611 814 1724 857 vigore
1743 814 1905 857 quondam
1921 814 1968 848 lo-

1228 877 1327 900 annes
1352 867 1496 911 Baptista
1524 868 1564 900 de
1593 867 1735 907 Mai-inis,
1767 867 1842 900 dum
1868 867 1967 903 vixit,

1227 920 1382 963 magister
1418 920 1581 963 generalis
1615 920 1744 953 Ordinis
1768 920 1966 968 supradicti,

1227 984 1356 1007 necnon
1374 973 1576 1006 venerabiles
1593 974 1710 1007 fratres
1727 974 1864 1007 Ioannes
1882 974 1968 1007 Tho-

1227 1037 1294 1059 mas
1329 1026 1368 1059 de
1393 1026 1567 1060 Rocaberti
1592 1026 1781 1060 Valentinus
1806 1037 1843 1059 ac
1867 1027 1968 1060 Anto-

1226 1080 1297 1113 nius
1324 1079 1363 1113 de
1391 1079 1522 1123 Monroy
1547 1079 1828 1123 Compostellanus
1855 1091 1968 1124 respe-

1226 1133 1308 1166 ctive
1333 1132 1587 1175 archiepiscopi,
1607 1133 1681 1165 dum
1698 1143 1835 1166 munere
1852 1133 1966 1166 itidem

1227 1185 1373 1228 magistri
1409 1185 1572 1228 generalis
1610 1184 1740 1218 Ordinis
1777 1185 1965 1219 huiusmodi

1227 1239 1407 1282 respective
1432 1239 1661 1281 rtmgebantur,
1694 1249 1862 1282 nunquam
1893 1250 1969 1282 per-

1227 1292 1383 1325 miserunt
1410 1292 1497 1335 quod
1522 1291 1677 1332 iuvenes,
1704 1292 1737 1325 in
1763 1292 1966 1335 primodictis

1227 1345 1439 1379 conventibus
1460 1345 1597 1385 educati,
1615 1356 1777 1378 sacrarum
1794 1346 1967 1379 bonarum-

1227 1410 1290 1443 que
1326 1400 1508 1432 litterarum
1542 1399 1656 1431 studiis
1691 1399 1768 1432 alibi
1799 1409 1895 1443 quam
1933 1399 1966 1432 in

1227 1452 1437 1485 conventibus
1455 1452 1587 1484 strictae
1604 1452 1827 1484 observantiae
1845 1452 1966 1485 incum-

1227 1505 1367 1545 berent;
1393 1505 1478 1538 unde
1503 1506 1552 1538 vel
1579 1504 1637 1543 eis,
1656 1509 1692 1537 ut
1721 1505 1833 1538 eadem
1858 1505 1967 1538 studia

1228 1559 1258 1592 in
1276 1558 1490 1592 conventibus
1504 1557 1708 1601 primodictis
1721 1557 1876 1601 prosequi
1895 1568 1967 1601 pos-

1227 1617 1309 1651 sent,
1335 1616 1576 1650 concesserunt,
1609 1611 1659 1643 vel
1691 1610 1800 1653 potius
1832 1610 1907 1644 illos
1933 1610 1965 1643 in

1227 1664 1450 1698 strictissimae
1459 1664 1683 1697 observantiae
1695 1663 1896 1707 provinciam
1906 1664 1966 1696 To-

1227 1720 1374 1757 letanam,
1399 1717 1466 1750 sive
1492 1716 1779 1759 congregationem
1805 1717 1840 1749 B.
1860 1716 1965 1749 lacobi

1228 1771 1431 1804 venetiarum
1457 1769 1605 1803 eiusdem
1626 1769 1764 1809 Ordinis,
1782 1779 1823 1802 ne
1840 1769 1967 1803 scilicet

1226 1823 1331 1856 minus
1356 1823 1575 1866 perfectorum
1600 1821 1825 1863 religiosorum
1855 1827 1968 1855 contu-

1226 1875 1341 1908 bernio
1366 1885 1479 1908 eorum
1504 1874 1536 1907 in
1562 1874 1612 1907 via
1637 1874 1764 1907 Domini
1789 1875 1895 1908 servor
1921 1880 1966 1908 te-

1227 1933 1387 1972 pesceret,
1415 1928 1678 1961 transmiserunt.
1705 1926 1867 1967 Quinimo,
1893 1937 1966 1960 cum

1227 1982 1259 2014 in
1278 1981 1492 2015 conventibus
1511 1980 1716 2024 primodictis
1736 1980 1966 2022 religiosorum

1227 2047 1263 2069 ac
1287 2035 1463 2079 praecipue
1488 2035 1709 2068 studiosorum
1734 2045 1888 2067 numerus
1912 2045 1966 2067 ex-

1226 2087 1497 2128 crevisset,dictus
1517 2086 1678 2120 Antonius
1696 2086 1964 2130 archiepiscopus

1227 2146 1304 2172 tunc
1325 2139 1482 2183 temporis
1506 2139 1664 2181 magister
1690 2138 1863 2180 generalis,
1889 2149 1964 2171 con-

1225 2199 1379 2226 ventuum
1403 2191 1594 2225 huiusmodi
1622 2190 1830 2223 studentibus
1855 2191 1965 2224 indul-

1226 2246 1280 2286 sit,
1306 2251 1342 2278 ut
1364 2245 1478 2285 studia,
1504 2254 1586 2287 quae
1611 2243 1672 2287 ipsi
1697 2243 1762 2276 sive
1793 2243 1826 2276 in
1849 2244 1881 2277 S.
1901 2244 1964 2277 Ma-

1227 2299 1292 2332 riae
1323 2308 1422 2342 super
1454 2297 1629 2330 Minervam
1655 2296 1694 2330 de
1726 2295 1812 2330 Urbe
1837 2296 1905 2330 sive
1930 2296 1963 2329 in

1226 2352 1382 2386 Perusino
1417 2350 1600 2394 respective
1633 2349 1844 2383 conventibus
1866 2349 1965 2393 perti-

1226 2416 1301 2439 cere
1329 2404 1534 2443 debuissent,
1557 2403 1590 2436 in
1621 2408 1782 2436 conventu
1806 2402 1839 2436 S.
1867 2403 1964 2436 Marci

1227 2458 1412 2502 supradicto
1436 2466 1595 2501 peragere
1620 2461 1770 2499 possent,
1796 2458 1833 2489 ea
1857 2461 1964 2489 tamen

1227 2513 1311 2554 lege,
1331 2510 1433 2554 quod,
1459 2509 1600 2553 peractis
1625 2509 1805 2542 studiorum
1823 2508 1965 2542 curricu-

1228 2565 1275 2603 lis,
1291 2564 1436 2606 rigoroso
1454 2562 1600 2595 examine
1619 2561 1651 2594 in
1670 2562 1785 2595 eodem
1804 2568 1963 2595 conventu

1227 2618 1258 2651 S.
1278 2616 1394 2650 Mariae
1426 2625 1523 2663 super
1551 2615 1722 2649 Minervam
1752 2615 1903 2650 habendo
1929 2626 1964 2652 se

1978 237 2026 263 An.

2040 237 2068 264 (ζ,

2095 237 2159 263 mm
