2227 3225
117 241 166 269 An.
182 239 212 268 c.
233 240 299 268 1692
340 272 342 278 k

146 406 257 427 Praedicta
272 405 301 425 in·

119 433 226 459 dulgentia
252 438 302 452 con-

119 465 180 479 cessa
199 459 237 480 suit
253 464 302 478 usi-

120 486 212 506 ianr-tine
235 485 302 505 eccli·-

486 287 684 315 Innocentius
705 289 784 321 Papa
804 288 868 318 ΧΠ,

427 334 463 360 ad
479 337 654 367 perpetuam
673 333 718 360 rei
737 332 921 359 memoriam.

355 394 419 438 §l
438 394 561 427 Dudum
589 395 689 428 felicis
708 394 946 427 recordationis
972 394 1045 426 Ale-

314 448 436 481 xander
446 448 531 491 Papa
544 448 594 480 Vll
608 447 842 492 praedecessor
860 454 972 480 noster
985 457 1045 490 pro

118 518 160 532 sm
199 512 301 532 ‹iu-mum
312 500 468 543 peculiari
493 502 550 534 sua
571 511 648 544 erga
668 506 813 533 sant-tum
838 501 1045 532 Franciscum

119 538 248 561 monialium.

146 2207 288 2232 Confirmatio.

312 553 480 595 Salesium,
508 565 614 598 quem,
648 555 686 587 ad
723 553 956 597 omnipotentis
988 553 1045 585 Dei

314 608 467 649 pluriam,
494 608 722 641 exaltationem
747 607 928 640 catholicae
953 606 1044 644 fidei,

314 667 345 693 et
375 661 569 694 christianae.
601 661 772 703 religionis
798 661 1044 699 incrementum,

312 714 504 748 Sanctorum
522 715 671 757 catalogo
690 714 826 747 solemni
844 714 906 746 ritu
926 713 1048 747 adscri-

313 772 432 809 pscrat,
468 767 654 806 devotione,
691 768 841 800 omnibus
875 767 1046 810 utriusque

313 829 406 852 sexus
430 820 696 854 christifidelibus
711 830 786 853 vere
803 819 1048 863 poenitentibus

312 878 344 904 et
367 873 533 914 confessis,
567 883 602 906 ac
626 874 715 906 sacra
738 873 965 906 communione
997 883 1048 905 re-

313 925 415 966 fectis,
439 927 494 970 qui
521 927 662 969 aliquam
687 936 723 960 ex
750 925 894 959 ecclesiis
919 937 1048 958 monas-

312 979 466 1012 teriorum
488 980 678 1013 monialium
703 979 832 1013 Ordinis
848 979 1047 1012 visitationis

313 1031 429 1066 Beatae
453 1033 569 1066 Mariae
602 1033 741 1076 Virginis
774 1032 999 1066 immaculatae
1031 1043 1048 1064 a

313 1092 495 1119 memorato
530 1092 642 1119 sancto
682 1086 855 1119 Francisco
894 1085 1046 1126 instituti,

313 1144 377 1171 tam
403 1144 538 1172 eatenus
565 1144 759 1180 erectorum,
778 1150 873 1182 quam
898 1139 1049 1182 imposte-

312 1201 383 1223 rum
395 1192 667 1235 quandocumque
682 1191 922 1234 erigendorum,
938 1197 970 1225 et
983 1192 1050 1224 ubi-

312 1254 374 1287 que
389 1244 605 1285 existentium,
624 1245 676 1277 die
690 1245 770 1278 sesto
786 1244 929 1277 eiusdem
946 1245 1047 1277 sancti

311 1297 474 1330 Francisci
491 1297 603 1331 Salesii
622 1309 639 1331 a
655 1298 769 1341 primis
787 1298 930 1341 vesperis
946 1309 1047 1341 usque

312 1350 351 1386 ad
375 1360 528 1384 occasum
553 1351 632 1384 solis
669 1351 730 1384 diei
766 1351 953 1384 huiusmodi
984 1352 1049 1384 sin-

312 1403 396 1444 gulis
410 1404 504 1437 annis
529 1404 644 1436 devote
660 1404 854 1443 visitassent,
873 1409 904 1437 et
925 1404 968 1436 ibi
990 1415 1048 1447 pro

312 1456 564 1489 christianorum
579 1457 760 1500 principum
777 1457 959 1496 concordia,
976 1458 1049 1490 liae-

313 1520 420 1543 resum
453 1510 670 1553 extirpatione
688 1537 695 1550 ,
721 1521 757 1542 ac
783 1515 911 1543 sanetae
936 1511 1050 1543 matris

311 1563 473 1596 Ecclesiae
498 1563 695 1596 exaltatione
715 1563 784 1606 pias
802 1564 841 1596 ad
859 1564 959 1596 Deum
977 1575 1050 1607 pre-

312 1627 364 1649 ces
390 1615 591 1656 effudissent,
617 1616 796 1660 plenariam
815 1617 957 1649 omnium
974 1628 1050 1660 pec-

312 1675 459 1701 catorum
485 1679 616 1702 suorum
635 1669 869 1711 indulgentiam
890 1675 922 1702 et
939 1671 1050 1703 remis-

313 1722 438 1755 sionem
463 1721 722 1754 misericorditer
746 1722 779 1754 in
805 1722 941 1755 Domino
973 1733 1050 1756 con-

313 1775 416 1814 cessit,
433 1781 464 1808 et
480 1775 568 1813 alias,
587 1779 683 1818 prout
701 1775 735 1806 in
753 1775 899 1810 eiusdem
918 1776 1051 1809 Alexan-

313 1828 360 1862 dri
396 1827 659 1871 praedecessoris
693 1827 810 1860 litteris
842 1828 982 1871 desuper
1016 1829 1048 1862 in

311 1882 409 1914 simili
429 1881 530 1913 forma
547 1879 655 1912 Brevis
680 1880 731 1912 die
753 1890 833 1913 xvnl
858 1883 1050 1924 septembris

311 1944 451 1969 iinctxv1
487 1933 660 1976 expeditis,
689 1943 766 1976 quas
802 1935 970 1976 perpetuis
1005 1936 1051 1966 su-

311 1987 391 2020 turis
416 1986 618 2030 temporibus
645 1987 751 2019 valere
777 1987 890 2027 voluit,
916 1992 948 2020 et
971 1998 1051 2032 qua—

311 2049 382 2074 rum
407 2046 554 2074 tenorem
578 2039 804 2083 praesentibus
824 2051 884 2084 pro
900 2041 996 2084 plene
1018 2047 1050 2075 et

311 2093 508 2127 sufficienter
539 2103 695 2136 expresso
720 2097 752 2125 et
775 2092 900 2127 inserto
933 2095 1047 2129 haberi

311 2148 468 2186 volumus,
494 2146 628 2179 uberius
653 2146 852 2179 continetur.

355 2201 370 2244 g
394 2200 426 2233 Ξ).
451 2199 544 2233 Nunc
568 2203 676 2232 autem
701 2209 773 2239 nos,
800 2199 1049 2243 supplicationi-

309 2254 370 2287 bus
395 2254 532 2286 dilectae
557 2253 591 2285 in
615 2251 742 2286 Christo
767 2252 853 2286 filiae
872 2254 1047 2288 modernae

310 2305 545 2350 superiorissae
575 2305 764 2339 monasterii
798 2306 987 2339 monialium
1022 2308 1048 2340 i-

309 2359 401 2403 psius
426 2358 529 2392 sancti
554 2357 715 2391 Francisci
739 2358 854 2390 Salesii
889 2358 927 2391 de
961 2359 1046 2393 Urbe

310 2413 442 2446 nomine
464 2412 560 2445 nobis
585 2421 681 2455 super
704 2411 767 2444 hoc
790 2411 959 2445 humiliter
975 2424 1047 2455 por-

310 2466 409 2499 rectis
433 2464 591 2505 inclinati,
620 2464 857 2507 indulgentiam
883 2475 900 2497 a
924 2476 1046 2498 memo·

310 2525 383 2551 rato
424 2517 609 2551 Alexandro
648 2518 919 2561 praedecessore,
963 2519 1046 2550 sicut

312 2571 540 2615 praemittitur,
564 2571 595 2603 in
621 2576 814 2614 perpetuum
844 2581 1043 2607 concessam,

313 2634 350 2657 ac
375 2624 514 2666 desuper
538 2624 705 2666 expeditas
723 2624 792 2657 eius
810 2623 935 2656 litteras
953 2633 1044 2666 prae-

882 236 1089 262 INNOCEXTu's
1114 238 1158 259 ΧΠ
1182 237 1229 260 PP.

1722 232 1785 264 ΑΥ]
1831 242 1880 268 An.
1896 241 1924 269 C.
1946 242 2013 269 '1035'-

1088 285 1180 325 satas,
1195 286 1388 318 auctoritate
1409 287 1589 329 apostolica
1603 292 1714 320 tenore
1731 299 1822 331 prae-

1088 338 1227 370 sentium
1263 337 1375 371 itidem
1410 345 1569 382 perpetuo
1608 341 1822 383 approbamus

1088 395 1120 423 et
1151 390 1388 431 confir-mannis,
1414 392 1542 434 illisque
1568 392 1764 426 inviolabilis
1790 406 1823 427 a-

1088 443 1265 485 postolicae
1288 443 1446 476 firmitatis
1468 445 1570 477 robur
1587 445 1767 478 adiicinnrs.
1789 447 1822 480 ln

1088 497 1286 529 contrarium
1313 497 1504 530 sacientilms
1530 508 1595 531 uon
1620 499 1824 533 obstantibus

1088 550 1361 592 quibuscumque.

1132 603 1244 635 Datum
1271 603 1399 642 Itomae,
1423 604 1506 647 apud
1523 604 1553 636 S.
1577 604 1706 637 Mariam
1731 605 1826 640 Maio-

1089 665 1173 694 rem,
1201 655 1259 687 sub
1285 657 1406 690 annulo
1438 657 1623 696 piscatoris,
1650 658 1701 691 die
1729 669 1750 692 11
1780 660 1826 692 iu-

1090 707 1133 739 nii
1152 717 1291 748 uncxcu,
1314 708 1523 751 pontificatus
1542 710 1645 742 nostri
1663 721 1750 745 anno
1771 722 1791 746 1.

1125 768 1183 796 Dat.
1205 769 1249 797 die
1268 770 1284 797 2
1303 769 1370 797 iunii
1395 770 1472 805 1692,
1492 771 1588 807 pontis.
1609 781 1680 801 anno
1699 779 1717 801 t.

1411 913 1503 946 XXV.

1091 989 1337 1033 Confirmantur
1386 993 1629 1027 constitutiones
1683 994 1824 1039 Congre-

1132 1045 1276 1087 9ationis
1312 1045 1571 1089 presbyterorum
1607 1048 1828 1082 saecularium

1133 1097 1189 1130 SS.
1221 1098 1396 1131 Trinitatis
1428 1100 1678 1142 pereyrinorum
1702 1106 1729 1134 et
1757 1113 1829 1140 con-

1134 1150 1363 1186 valescentium
1387 1152 1424 1186 cle
1450 1153 1529 1186 Urbe
1546 1152 1566 1187 ⁴.
1769 1150 1770 1154 ¹

1275 1232 1470 1260 Innocentius
1491 1232 1569 1268 Papa
1588 1234 1650 1267 ΧΠ,

1204 1277 1241 1303 ad
1262 1280 1438 1310 perpetuam
1459 1280 1506 1305 rei
1525 1281 1709 1307 memoriam.

1874 1345 1995 1368 Etsi-<unffi

1136 1344 1177 1378 Ex
1204 1346 1314 1379 debito
1340 1349 1511 1390 pastoralis
1543 1349 1657 1390 officii,
1684 1361 1747 1393 quo
1780 1362 1830 1385 ca—

1092 1398 1235 1431 tholicae
1261 1399 1424 1433 Ecclesiae
1450 1402 1601 1444 regimini
1628 1403 1735 1437 divina
1765 1405 1830 1438 dis-

1092 1452 1256 1494 positione
1298 1454 1548 1495 praesidemus,
1585 1456 1624 1489 ad
1661 1467 1714 1498 ea,
1751 1457 1830 1501 pe2r²

1092 1515 1173 1546 quae
1191 1505 1388 1538 christianae
1410 1507 1577 1540 charitatis
1592 1514 1687 1552 atque
1698 1510 1829 1553 pietatis

1093 1567 1193 1600 opera
1209 1558 1330 1601 ubique
1348 1560 1496 1593 locorum
1521 1566 1552 1594 et
1577 1563 1770 1604 praesertim
1797 1563 1828 1596 in

1093 1612 1153 1643 hac
1177 1613 1260 1646 alma
1285 1612 1371 1646 Urbe
1390 1616 1511 1655 nostra,
1534 1625 1570 1647 ex
1590 1626 1652 1658 qua
1669 1616 1829 1649 bonorum

1093 1674 1229 1708 operum
1266 1667 1414 1709 exempla
1446 1667 1477 1699 in
1516 1678 1629 1701 omnes
1661 1669 1829 1702 christiani

1092 1718 1180 1751 orbis
1205 1724 1316 1761 partes
1342 1719 1470 1753 assidue
1495 1727 1698 1764 promanant,
1725 1723 1830 1756 modis

1092 1772 1247 1814 congruis
1271 1779 1518 1815 promoventur,
1543 1774 1763 1808 favorabiliter
1783 1776 1831 1808 in-

1093 1824 1265 1857 tendentes
1284 1852 1292 1864 ,
1320 1826 1591 1868 congregationes
1630 1828 1828 1862 christifide-

1092 1876 1170 1909 lium
1192 1877 1225 1909 in
1250 1883 1372 1910 sortem
1397 1878 1525 1912 Domini
1552 1887 1738 1914 vocatorum
1760 1883 1828 1915 lau-

1092 1930 1245 1963 dabiliter
1269 1931 1300 1963 in
1325 1931 1357 1963 id
1383 1931 1488 1974 ipsum
1519 1933 1747 1968 incumbentes
1772 1947 1827 1979 pa-

1092 1988 1184 2016 terno
1208 1984 1318 2017 favore
1345 1985 1488 2018 libenter
1517 1988 1769 2030 prosequimur,
1796 1995 1828 2022 et

1090 2037 1168 2076 illis,
1194 2047 1277 2080 quae
1314 2048 1375 2081 pro
1410 2038 1497 2071 felici
1522 2049 1632 2073 earum
1668 2041 1826 2084 regimine

1090 2096 1122 2123 et
1145 2090 1306 2133 gubernio
1326 2091 1458 2134 provide
1482 2093 1726 2138 prudenterque
1751 2106 1828 2129 con-

1090 2145 1199 2177 stituta
1223 2155 1296 2177 esse
1321 2150 1509 2186 noscuntur,
1528 2151 1564 2178 ut
1580 2146 1672 2180 firma
1695 2159 1826 2192 semper

1089 2204 1183 2242 atque
1206 2197 1332 2231 illibata
1355 2199 1543 2242 persistant,
1569 2202 1740 2243 apostolici
1756 2213 1826 2235 mu-

1089 2251 1220 2284 niminis
1245 2251 1450 2294 adiungimus
1475 2251 1672 2286 firmitatem.

1131 2305 1146 2349 ἓ
1171 2305 1202 2337 1.
1240 2304 1364 2348 Exponi
1395 2305 1558 2348 siquidem
1594 2307 1688 2340 nobis
1719 2319 1824 2353 nuper
1861 2315 2016 2341 *quocondi-

1125 2369 1134 2395 1
1158 2367 1200 2394 Ab
1219 2366 1376 2394 Innocentio
1396 2367 1439 2401 xi,
1461 2368 1568 2396 constit.
1594 2371 1636 2397 ed.
1657 2344 1867 2407 MDCLxxxixgm
1887 2343 1964 2363 mmm
1985 2350 2006 2364 Ν

1087 2411 1130 2439 die
1152 2412 1183 2439 15
1202 2411 1367 2444 novembris,
1388 2413 1482 2447 pontif.
1503 2419 1539 2445 lx,
1560 2414 1734 2442 confirmatae
1762 2416 1823 2443 sue-

1086 2460 1149 2482 runt
1168 2455 1375 2482 constitutiones
1394 2456 1615 2491 presbyterorum
1634 2459 1719 2485 sancti
1747 2459 1822 2487 Iose-

1087 2500 1132 2534 plii
1151 2499 1184 2526 de
1200 2499 1286 2532 Urbe;
1307 2502 1334 2526 et
1352 2499 1379 2525 in
1394 2499 1475 2526 liuius
1496 2500 1632 2528 Pontificis
1651 2503 1756 2530 constit.
1778 2504 1821 2530 ed.

1086 2550 1202 2577 mocxcu,
1229 2543 1271 2570 die
1295 2544 1326 2569 21
1354 2543 1430 2574 iunii,
1458 2545 1553 2578 pontis.
1573 2551 1591 2576 1,
1616 2547 1822 2574 constitutiones

1086 2588 1307 2622 presbyterorum
1328 2587 1354 2614 S.
1376 2588 1473 2614 Luciae
1492 2588 1680 2616 Bononiensis.

1120 2631 1136 2658 2
1152 2632 1301 2668 Praeposit.
1314 2640 1369 2667 per
1386 2640 1437 2660 nos
1451 2633 1574 2660 addimus
1592 2634 1630 2669 (n.
1645 2634 1695 2669 r.)-
