2227 3225
131 247 180 275 An.
197 246 225 275 C.
249 247 315 275 1608

904 243 1117 267 IMOCENTtUS
1144 243 1186 266 xn
1212 244 1258 266 Pe.

324 305 389 329 non
414 294 476 327 erit
501 293 731 337 provincialis3
764 292 920 325 discretus
947 303 962 325 e
989 302 1064 324 con-

325 355 373 382 tra
390 348 452 381 erit
469 359 506 381 ex
525 353 616 391 parte
641 347 870 390 provincialis:
892 346 956 385 102⁰,
977 346 1064 388 quod

324 403 354 435 in
382 403 577 444 unaquaque
609 405 700 443 parte
735 397 959 441 designabitur
988 410 1066 432 con-

323 462 436 489 ventus
449 465 508 498 pro
526 454 696 494 novitiatu,
716 454 748 486 in
775 465 839 497 quo
865 465 929 487 non
955 454 1067 487 admit-

325 515 435 543 tentur
459 509 498 542 ad
525 508 670 541 habitum
702 504 837 549 neritii,
864 509 924 541 nisi
957 520 1067 541 secun-

325 564 401 596 dum
435 562 630 605 exigentiam
666 567 884 595 conventuum
922 563 1067 596 uniuscn-

326 618 444 661 iusque
463 616 581 660 partis:
599 615 666 656 13⁰,
685 616 782 659 quod,
801 616 855 658 qui
884 616 939 648 suit
966 618 1067 649 semel

327 671 451 704 electus
477 670 506 702 in
525 669 771 713 provincialem,
795 680 960 712 nunquam
983 675 1069 712 pote-

326 723 368 757 rit
393 724 509 756 iterum
543 722 638 765 eligi,
670 723 731 755 nisi
759 723 857 755 suerit
887 723 1014 755 virtutis
1040 728 1070 755 et.

326 777 433 810 meriti
469 776 556 810 omni
591 776 784 819 exceptione
819 776 971 816 maioris,
999 782 1030 809 et
1054 787 1071 809 a

329 836 394 864 tota
419 829 600 874 provincia,
630 831 721 862 nullo
741 830 1003 869 contradicente,
1020 841 1071 873 po-

327 885 484 917 stulatus:
504 884 571 923 140,
592 884 678 926 qnod
698 883 875 927 capitulum
895 884 1072 927 provincia·

328 940 357 973 le
383 937 603 972 celebrabitur
628 937 813 970 alternatim
839 937 871 969 in
897 938 1072 981 praedictis

330 992 452 1027 duabus
473 991 634 1035 partibus:
650 990 717 1030 *1232
735 991 822 1034 quod
842 997 904 1024 tam
920 992 982 1024 duo
1001 992 1071 1025 loca

329 1046 550 1085 alliliatorum,
577 1055 659 1088 qnae
685 1045 784 1078 modo
809 1050 922 1078 vacant
947 1045 979 1077 in
1008 1057 1072 1078 nia-

330 1100 391 1133 iori
428 1104 592 1132 conventu
627 1099 822 1137 parisiensi,
859 1110 955 1142 quam
989 1110 1071 1142 qnae

317 1154 541 1198 'imposterum
568 1153 740 1193 meabant,
778 1153 912 1186 alternis
949 1152 1073 1186 vicibus

331 1208 548 1251 replebuntur
574 1217 633 1250 per
662 1212 833 1250 utramque
866 1212 993 1250 partem
1019 1218 1071 1240 su-

332 1262 526 1306 pradictam:
548 1261 612 1301 100,
631 1261 804 1294 conventio
828 1261 907 1294 sacta
933 1262 990 1294 suit
1014 1262 1072 1295 snb

332 1315 540 1359 beneplacito
580 1315 790 1348 illustrissimi
834 1315 1072 1358 archiepiscopi

333 1379 393 1413 pro
424 1370 512 1402 bono
547 1368 656 1411 pacis,
689 1374 743 1408 et,
778 1368 816 1401 ad
844 1369 1071 1402 eradicandam

334 1433 461 1455 omnem
482 1421 688 1455 dissidiorum
708 1422 875 1455 materiam
895 1432 976 1465 quae
995 1422 1073 1455 oriri

333 1481 465 1519 possent
491 1486 528 1508 ex
555 1475 707 1519 expensis
732 1476 839 1517 sactis,
866 1475 939 1508 lites
965 1480 1073 1508 motae

333 1529 508 1562 cessabunt
525 1534 558 1562 et
579 1534 740 1572 tamquam
762 1540 827 1562 non
850 1529 949 1562 sactae
974 1529 1074 1562 hahe-

333 1583 476 1622 buntur,
503 1583 624 1626 absque
659 1593 697 1616 eo
723 1583 809 1626 quod
836 1583 1008 1626 qnisquam
1034 1583 1073 1615 de

335 1637 398 1670 illis
424 1636 576 1680 expensis
601 1636 703 1680 possit
723 1647 791 1669 esse.
818 1636 1011 1680 requisitus,
1039 1639 1075 1669 ea

336 1696 444 1723 tamen
471 1690 659 1733 legesqnod
679 1700 835 1734 praesens
861 1690 1076 1733 compromis-

335 1753 404 1775 sum
422 1743 509 1775 bona
525 1742 589 1775 tide
604 1743 788 1776 executioni
809 1742 1028 1782 mandabitur,
1046 1748 1077 1776 et

336 1796 457 1829 Romae
474 1796 735 1836 confirmabitur-3
748 1797 893 1840 alioquin
910 1797 1075 1840 unusquis-

337 1860 399 1893 que
426 1849 607 1882 remanebit
629 1849 662 1881 in
690 1849 758 1882 iure
784 1861 842 1883 suo
867 1850 1074 1893 insequendi,

337 1908 434 1947 prout
451 1903 513 1936 sibi
531 1903 695 1936 videbitur
709 1904 884 1945 expedire:
908 1903 972 1944 170,
991 1903 1075 1946 qnod

338 1962 449 2001 partes
482 1956 787 2000 supranominatae,
813 1962 845 1990 et
872 1960 979 1990 coram
1004 1957 1078 1989 illu-

337 2011 496 2044 strissimo
537 2010 787 2054 archiepiscopo
831 2016 1048 2053 congregatae
1070 2039 1077 2051 ‚

339 2064 508 2107 reciproce
526 2064 749 2108 promiserunt
767 2069 798 2096 et
815 2064 1010 2107 promittunt
1028 2075 1078 2097 ac-

339 2122 492 2161 ceptare,
517 2118 601 2150 sicut
630 2123 662 2151 et
695 2118 734 2150 de
769 2118 853 2150 sacto
882 2124 1077 2161 acceptant,

339 2177 545 2215 praesentem
571 2172 781 2205 alternativae
808 2178 1011 2205 contractum
1033 2183 1082 2205 se-

339 2226 480 2258 cundum
508 2236 623 2259 omnes
648 2237 724 2259 suos
749 2226 923 2267 articulos,
949 2226 1082 2259 adstrin-

339 2284 453 2321 gentes
471 2290 515 2321 se,
534 2280 626 2313 illum
644 2291 703 2324 pro
719 2286 788 2313 rato
808 2281 994 2314 habendum
1013 2290 1081 2313 esse

339 2333 371 2366 in
398 2334 547 2377 proximo
569 2334 711 2378 capitulo
737 2336 776 2368 ab
802 2335 951 2368 omnibus
973 2334 1084 2367 unius-

341 2387 499 2431 cuiusque
520 2388 620 2431 partis
639 2388 814 2428 vocalibus,
835 2388 889 2431 qui
905 2388 942 2421 ad
960 2389 1082 2420 nullam

342 2441 536 2474 electionem
562 2442 742 2485 procedere
763 2442 916 2474 valebunt
938 2441 970 2474 in
996 2441 1083 2474 dicto

341 2495 512 2537 capitulo,
541 2495 619 2539 quin
651 2495 743 2539 prius
778 2500 883 2528 ratum
908 2494 1085 2528 habuerint

341 2558 495 2592 praesens
505 2549 752 2590 concordatum,
763 2549 849 2592 quod
862 2559 922 2582 nec
936 2547 1083 2588 reiicere,

342 2611 403 2634 nec
427 2612 579 2635 recusare
597 2608 772 2646 poterunt,
793 2602 854 2635 nisi
880 2602 1016 2645 optione
1038 2601 1085 2634 di-

341 2654 474 2688 visionis
491 2665 529 2688 ex
542 2661 635 2699 parte
651 2656 842 2690 Narbonae:
860 2655 915 2689 180
930 2655 1086 2699 denique,

465 2718 543 2748 Bull.
557 2719 642 2748 Rom.
654 2735 688 2740 —
707 2719 769 2749 Vol.
785 2719 846 2749 XX.
995 2717 1046 2746 106

1757 235 1815 268 841

1117 296 1291 335 postquam
1318 291 1449 334 utrique
1482 292 1651 334 Burgundi
1678 293 1802 326 scilicet
1827 299 1860 326 et

1117 345 1344 378 Narbonenses
1365 345 1568 387 supradictos
1586 347 1793 379 alternativae
1811 357 1860 379 ar-

1120 399 1235 431 ticulos
1261 397 1479 437 admiserunt,
1509 402 1540 430 et
1565 398 1677 439 gratiis
1710 399 1860 432 illustris-

1119 453 1199 485 simo
1226 451 1479 494 archiepiscopo
1497 452 1704 494 Lugdunensi
1724 454 1862 495 praelia-

1119 506 1195 539 bitis
1221 516 1280 548 pro
1305 516 1364 538 sno
1391 505 1510 538 efficaci
1530 506 1717 538 mediatoris
1743 507 1859 545 officio,

1121 560 1212 593 illum
1252 559 1346 592 enixe
1373 564 1506 602 rogant,
1534 570 1551 591 a
1588 559 1862 592 reverendissimo

1122 618 1213 656 patre
1249 612 1394 655 generali
1437 622 1496 655 per
1534 612 1656 645 litteras
1693 611 1863 644 invitatum

1123 666 1273 699 omnibus
1305 665 1392 698 illius
1418 666 1606 709 provinciae
1641 665 1796 708 procellis
1829 664 1865 696 si-

1123 731 1197 753 nem
1217 720 1396 762 imponere,
1418 725 1452 752 ut
1472 720 1653 762 praesentis
1674 719 1864 752 concordati

1123 783 1229 806 coram
1255 772 1311 805 illo
1336 772 1472 815 eiusque
1506 772 1644 805 consilio
1669 772 1864 804 auctoritate

1125 831 1157 859 et
1182 825 1356 869 prudentia
1383 826 1531 858 transacti
1559 825 1712 867 dignetur
1748 836 1866 868 procu-

1124 889 1195 912 rare
1221 878 1340 911 nedum
1360 878 1644 911 contirimitionem
1666 879 1867 911 reverendis-

1124 933 1196 965 simi
1234 933 1336 976 patris
1373 932 1537 974 generalis
1573 931 1718 972 Ordinis,
1758 942 1867 964 verum

1125 986 1220 1019 etiam
1258 992 1290 1020 et
1327 987 1495 1019 decretum
1533 986 1866 1019 cntinentissimorum

1124 1051 1233 1073 sacrae
1258 1039 1526 1083 Congregationis
1552 1039 1775 1079 cardinalium,
1802 1039 1867 1072 imo

1125 1099 1156 1127 ct
1181 1094 1280 1128 Breve
1306 1094 1532 1137 apostolicum.
1554 1093 1665 1125 Actum
1688 1098 1719 1125 et
1739 1094 1870 1126 conclu-

1125 1159 1196 1181 sum
1222 1148 1253 1180 in
1276 1147 1397 1191 palatio
1416 1147 1690 1190 archiepiscopali
1708 1146 1868 1189 Lugduni,

1126 1203 1177 1236 die
1203 1208 1234 1235 et
1258 1213 1343 1235 anno
1371 1202 1488 1245 quibus
1513 1212 1612 1245 supra
1633 1213 1663 1233 ii.

1169 1258 1183 1300 g
1208 1256 1239 1289 ΞΣ.
1267 1256 1370 1295 Quare
1397 1261 1598 1299 exponentes
1624 1253 1785 1298 praedicti
1812 1264 1870 1287 no-

1125 1311 1174 1343 bis
1200 1310 1368 1343 humiliter
1385 1309 1562 1353 supplicari
1581 1309 1737 1347 fecerunt,
1756 1313 1791 1340 ut
1808 1307 1869 1340 sibi

1127 1365 1156 1397 in
1183 1364 1371 1408 praemissis
1393 1369 1578 1406 opportune
1598 1362 1769 1406 providere
1787 1368 1819 1394 et
1837 1366 1872 1393 ut

1126 1419 1210 1451 intra
1236 1417 1427 1460 indulgere¹
1455 1417 1494 1450 de
1517 1417 1720 1459 benignitate
1739 1420 1871 1459 aposto-

1127 1472 1189 1505 lica
1214 1472 1438 1513 dignaremur.

1172 1526 1186 1569 g
1211 1525 1240 1558 3.
1266 1524 1328 1558 Nos
1353 1524 1462 1567 igitur,
1483 1523 1656 1567 specialem
1678 1523 1757 1566 ipsis
1773 1532 1873 1565 expo·
1885 1564 1899 1577 n

1882 1297 1889 1310 t

1127 1579 1280 1612 uentibus
1307 1578 1444 1621 gratiam
1464 1578 1567 1610 facere
1593 1578 1751 1616 volentes,
1769 1581 1802 1608 et
1820 1587 1874 1608 eo·
1885 1587 1904 1605 αι

1128 1643 1198 1665 rum
1226 1632 1412 1675 singulares
1452 1641 1612 1675 personas
1648 1641 1665 1663 a
1705 1629 1874 1672 quibusvis

1129 1685 1487 1724 excomnmnicatiouis,
1506 1683 1737 1727 suspensionis
1763 1688 1796 1716 et
1825 1683 1876 1715 in-

1130 1738 1283 1780 terdicti,
1309 1738 1450 1781 aliisque
1476 1737 1710 1770 ecclesiasticis
1741 1741 1874 1769 senten-

1131 1793 1195 1833 tiis,
1225 1792 1373 1825 censuris
1404 1797 1436 1825 et
1464 1791 1594 1835 poenis,
1621 1801 1638 1823 a
1662 1791 1733 1823 inre
1757 1791 1809 1823 vel
1836 1790 1875 1822 ab

1130 1847 1265 1881 homine
1279 1873 1286 1887 ,
1317 1846 1429 1890 quavis
1452 1845 1626 1879 occasione
1646 1846 1697 1878 vel
1715 1846 1814 1877 causa
1833 1845 1878 1877 la-

1130 1902 1179 1941 tis,
1206 1901 1231 1933 si
1257 1900 1377 1943 quibus
1414 1898 1666 1943 quomodolibet
1701 1898 1878 1931 innodatae

1131 1954 1285 1993 existunt,
1301 1954 1340 1986 ad
1361 1952 1512 1986 effectum
1531 1951 1759 1996 praesentium
1785 1951 1879 1984 dum-

1132 2013 1219 2041 taxat
1250 2007 1542 2050 consequendum,
1570 2006 1689 2038 harum
1715 2005 1801 2038 serie
1823 2004 1879 2037 ab·

1133 2063 1302 2095 solventes
1327 2066 1357 2094 et
1385 2060 1551 2093 absolutas
1581 2060 1651 2092 sore
1681 2063 1877 2097 censentes,

1133 2115 1322 2148 huiusmodi
1341 2113 1640 2158 supplicationibus
1664 2112 1822 2152 inclinati,
1840 2112 1880 2145 de

1135 2168 1370 2202 venerabilium
1391 2168 1527 2200 fratrum
1549 2172 1737 2199 nostrorum
1767 2165 1880 2199 S.R.E.

1135 2222 1348 2256 cardinalium
1373 2221 1513 2264 negotiis
1539 2226 1571 2253 et
1587 2219 1881 2253 consultationibus

1137 2277 1369 2320 episcoporum
1396 2280 1428 2308 et
1453 2274 1650 2318 regularium
1677 2273 1882 2317 praeposito-

1137 2341 1207 2364 rum
1235 2330 1382 2370 consilio,
1399 2328 1651 2362 conventionem
1670 2338 1727 2360 seu
1746 2337 1884 2360 concor-

1138 2385 1224 2418 diam
1251 2384 1336 2417 inter
1361 2384 1495 2417 eosdem
1523 2387 1725 2426 exponentes
1752 2381 1879 2421 initam,

1137 2445 1172 2472 ut
1210 2439 1411 2483 praefertur,
1452 2437 1702 2480 confectumque
1738 2436 1883 2478 desuper

1138 2492 1330 2537 scripturam
1355 2491 1606 2536 praeinsertam,
1634 2501 1706 2523 cum
1731 2489 1883 2522 omuibus

1139 2552 1171 2581 et
1201 2546 1338 2589 singulis
1363 2546 1396 2578 in
1422 2548 1459 2579 ea
1483 2543 1664 2584 contentis,
1692 2541 1883 2575 auctoritate

1175 2620 1185 2645 1
1208 2618 1280 2646 Edit.
1300 2617 1383 2646 tttain.
1406 2617 1472 2652 legit
1488 2614 1641 2651 provideri
1658 2634 1664 2641 .
1682 2633 1688 2640 .
1708 2633 1713 2640 .
1739 2611 1885 2647 indulgeri

1137 2664 1175 2700 (n.
1191 2663 1240 2699 T.).

1897 1298 1963 1311 listi-U.

1867 246 1914 270 An.
1933 243 1960 270 C.
1984 244 2051 272 1⁶98

1917 1264 1993 1284 Prot-es
2018 1268 2066 1290 pro-

1935 1530 2070 1550 Confirmatio

1909 1557 1966 1577 latae
1983 1563 2069 1577 concar-

1909 1591 1942 1604 ne.
