2254 3225
219 195 269 223 Αη.
289 196 317 223 c.
343 196 408 224 isso
456 187 475 221 8

246 469 389 491 Prooemium.

601 245 770 276 Alexander
791 249 870 283 Papa
888 248 966 282 vlu,

414 300 571 329 Universis
593 302 845 330 christifidelibus
872 303 1049 336 praesentes
1073 301 1157 328 litte-

465 353 516 374 ras
537 346 739 381 inspecturis,
761 347 891 374 satutem
910 349 941 374 et
960 345 1156 380 apostolicam

465 391 716 420 benedictionem.

460 461 613 496 Caelestis
638 462 880 502 Paterfamilias,
902 462 990 494 cuius
1008 461 1156 493 voluntas

416 515 571 559 potentia,
591 521 622 548 et
640 516 729 548 cuius
746 525 828 558 opus
853 513 1073 547 misericordia
1099 518 1154 550 est,

416 569 536 612 quique
561 569 637 602 olim
663 568 904 612 dispensatione
930 566 1069 598 mirabili
1094 567 1157 598 ele-

416 622 463 664 git
480 623 578 655 David
604 633 728 655 servum
746 632 849 661 suum,
868 626 900 653 et
925 620 1058 652 sustulit
1083 629 1155 652 cum

417 676 456 708 de
478 675 631 718 gregibus
656 675 772 713 ovium,
809 679 844 706 ut
878 677 1026 716 pasceret
1055 672 1154 705 lsrael

417 728 652 761 haereditatem
682 738 793 766 snam,
827 725 1002 759 novissime
1040 725 1153 758 dicbus

417 780 488 814 istis
515 792 548 814 se
572 781 733 815 neminem
754 790 829 813 sane
847 789 977 812 suorum
996 789 1154 821 spernere

416 834 667 873 demonstravit,
703 843 796 871 cnm,
823 833 1014 866 immensam
1038 832 1071 864 in
1096 840 1155 864 nos

414 888 595 923 bonitatem
627 896 715 920 suam
749 885 893 919 derivare
930 885 1090 928 dignatus,
1120 885 1153 917 in

415 941 598 974 humilitate
624 941 732 973 nostra
753 949 879 972 memor
904 939 963 971 suit
987 939 1098 978 nostri,
1117 949 1153 971 ac

415 993 619 1028 inscrutabili
645 992 820 1036 sapientiae
846 1002 921 1025 suae
939 1002 1055 1025 arcano
1077 1002 1155 1026 con-

417 1047 553 1080 stituens
579 1056 637 1079 nos
662 1046 693 1078 in
719 1051 815 1089 caput
832 1045 987 1088 gentium,
1002 1045 1154 1077 vicariam

416 1100 464 1133 sui
489 1099 520 1132 in
547 1099 639 1132 terris
672 1104 866 1142 potestatem
898 1099 967 1132 sola
995 1109 1154 1141 supernae

415 1152 573 1196 largitatis
597 1163 671 1185 suae
697 1153 894 1195 dignatione,
920 1162 956 1184 ae
982 1152 1071 1184 nullo
1089 1161 1154 1183 me-

415 1205 548 1239 ritorum
573 1205 735 1248 suffragio,
755 1205 847 1238 nobis
864 1204 1038 1238 commisit.
1058 1203 1156 1236 ldcir-

416 1269 452 1292 co
478 1259 552 1302 quia
576 1269 640 1291 non
673 1259 895 1299 verecundae,
929 1259 984 1291 sed
1011 1258 1154 1301 ingratae

415 1312 533 1345 mentis
559 1312 713 1345 indicium
735 1317 785 1345 est
807 1311 965 1345 beneficia
984 1316 1089 1344 tacere
1108 1312 1155 1343 di·
1175 1308 1177 1336 ἶ

416 1364 498 1405 vina,
525 1369 558 1397 et
593 1365 668 1397 satis
705 1365 836 1408 dignum
874 1370 923 1398 est
956 1376 971 1397 a
996 1363 1177 1397 sacriticid

417 1418 597 1450 dominicae
626 1418 730 1451 laudis
754 1418 947 1461 obsequium
976 1418 1154 1450 consecrati

416 1469 582 1504 Pontilicis
605 1471 776 1511 inchoare,
796 1471 858 1504 hoc
876 1471 946 1514 ipso
971 1476 1155 1513 assumptae

417 1533 435 1555 a
459 1522 553 1556 nobis
579 1524 778 1567 apostolicae
814 1523 976 1557 servitutis
1002 1523 1094 1556 initio
1120 1523 1158 1556 li-

416 1576 535 1610 benter
558 1587 631 1610 cum
657 1577 822 1621 Propheta
851 1578 1040 1611 clamamus:
1070 1577 1157 1609 Lcm-

417 1628 581 1662 dationem
598 1630 734 1663 Domini
757 1631 912 1674 loquatur
936 1640 968 1663 os
993 1640 1110 1670 mcum,
1129 1633 1157 1661 et

416 1682 580 1716 benedicat
604 1685 708 1716 omnis
725 1694 799 1717 coro
817 1694 934 1720 nomen
957 1689 1108 1717 scutetum
1132 1694 1159 1716 e-

418 1736 480 1776 ius,
501 1736 559 1779 qui
582 1737 718 1770 suscitat
743 1737 780 1770 de
802 1737 935 1780 pulvere
956 1748 1103 1779 cycnum,
1125 1740 1160 1768 ut

417 1788 524 1822 sedeat
547 1800 620 1822 cum
640 1790 859 1834 principibus,
887 1794 916 1822 et
940 1790 1057 1822 solium
1084 1790 1156 1832 ylo-

417 1843 488 1875 riae
513 1847 626 1876 teneat.
655 1843 806 1876 Ceterum
824 1853 889 1876 non
909 1849 971 1876 tam
990 1843 1029 1876 de
1056 1844 1161 1876 liono-

418 1905 454 1930 ne
480 1895 613 1936 hilares,
643 1907 739 1939 quam
772 1896 904 1929 solliciti
931 1897 970 1929 de
996 1896 1157 1939 periculo,

418 1948 452 1982 in
478 1951 564 1982 tanta
589 1960 625 1982 ac
650 1954 712 1981 tam
734 1949 867 1989 difficili,
888 1960 983 1992 quam
1001 1949 1063 1982 iam
1082 1950 1161 1983 deli-

420 2001 551 2035 berare¹
581 2002 772 2045 incepimus,
791 2003 974 2036 catholicae
996 2003 1160 2036 Ecclesiae

420 2055 655 2098 procuratione.
689 2056 764 2089 dum
802 2066 866 2089 non
903 2056 1008 2088 minus
1044 2056 1160 2091 virium

419 2112 605 2142 nostrarum
643 2108 885 2148 infirmitatem,
932 2109 1024 2142 cuius
1065 2110 1160 2143 nobis

421 2161 522 2204 probe
547 2161 665 2196 conscii
692 2172 815 2202 sumus,
841 2173 934 2205 quam
961 2162 1160 2206 multiplices

421 2214 538 2247 mentis
563 2220 694 2247 nostrae
719 2215 821 2248 oculis
846 2216 1057 2249 obversantes
1075 2216 1162 2249 cliri-

423 2267 547 2300 stianae
565 2267 765 2311 reipublicae
781 2269 978 2302 calamitates
993 2269 1077 2302 serio
1091 2280 1163 2302 con-

422 2320 611 2360 sideramus,
648 2322 805 2354 sentimus
842 2323 990 2365 profecto
1025 2323 1057 2355 in
1092 2323 1161 2356 dies

423 2374 567 2416 suscepti
585 2375 691 2408 oneris
710 2376 979 2418 magnitudinem,
998 2387 1044 2416 ac,
1062 2387 1164 2420 quan-

424 2432 490 2460 tum
512 2427 550 2460 ad
576 2427 655 2461 illud
681 2428 806 2462 sortiter
842 2434 1093 2473 constanterque
1120 2431 1163 2463 se-

423 2506 518 2542 pontii'.
540 2514 577 2534 vu
595 2517 601 2540 ;
622 2512 648 2534 et
667 2508 701 2534 ab
722 2508 879 2536 Innocentio
899 2509 942 2536 ΧΙΙ
964 2511 1071 2537 constit.
1093 2511 1165 2537 edita

425 2558 528 2586 tinniret,
544 2552 587 2579 die
603 2553 635 2580 '¹22
652 2554 814 2585 novembris,
833 2556 928 2588 pontis.
950 2562 966 2582 l.

461 2597 472 2624 1
495 2596 596 2624 Forsan
617 2597 745 2625 delibare
765 2602 802 2633 (a.
825 2601 873 2633 τ.),

995 199 1173 225 BULLARtt'n
1199 199 1353 224 nonme„

1199 249 1334 281 rendum
1359 246 1555 280 caelestibus
1573 245 1782 291 indigeamus
1794 245 1937 291 auxiliis,

1199 301 1416 344 agnoscimus.
1436 300 1585 339 Quamvis
1603 307 1708 335 autem
1728 303 1860 346 privatis
1881 314 1940 337 no-

1198 354 1272 387 stris
1308 354 1474 388 sacrificiis
1512 359 1544 388 et
1579 355 1732 399 precibus
1766 368 1862 400 opem
1898 358 1938 392 de

1198 412 1307 440 sancto
1333 407 1496 450 supplices
1521 408 1673 442 invocare
1705 419 1770 443 non
1803 411 1939 445 desista-

1197 471 1278 501 mus,
1306 466 1340 493 ut
1365 461 1403 494 de
1429 461 1506 494 Sion
1541 467 1668 495 tueatur
1704 473 1776 503 nos,
1808 473 1937 498 omnem

1197 525 1289 557 spem
1313 520 1456 548 nostram
1483 515 1688 549 collocamus'
1708 516 1740 548 in
1758 527 1797 550 eo
1815 518 1870 560 qui
1888 517 1940 550 de-

1198 567 1245 599 dit
1262 569 1356 608 velle,
1373 573 1408 600 ut
1425 569 1479 602 det
1496 569 1591 602 etiam
1609 569 1765 611 perficere
1779 580 1839 613 pro
1853 570 1939 603 hona

1199 622 1382 661 voluntate;
1410 627 1561 662 attamen,
1580 622 1733 655 memoria
1751 623 1937 656 recolentes

1198 678 1263 707 tum
1280 674 1416 707 maxime
1432 675 1663 717 Apostolorum
1681 675 1832 719 principi,
1848 676 1938 710 cuius

1197 727 1301 759 locum
1327 727 1479 760 immeriti
1501 732 1661 767 tenemus,
1681 729 1819 761 caeleste
1845 739 1939 772 prac-

1196 779 1315 812 sidium
1341 780 1500 820 adfuisse,
1526 790 1597 813 cum
1619 781 1720 813 oratio
1746 781 1842 814 siebat
1866 781 1937 815 sine

1196 832 1437 866 intermissione
1463 833 1502 866 ab
1527 833 1668 866 Ecclesia
1689 834 1727 867 ad
1752 833 1852 867 Deum
1877 844 1938 877 pro

1197 896 1245 926 eo,
1271 886 1427 929 pastorali
1453 885 1522 919 iure
1548 886 1688 919 fidenter
1713 886 1880 929 exigimus,
1907 891 1939 920 et

1196 944 1330 982 paterno
1356 939 1487 982 insuper
1511 940 1712 982 postulamus
1738 939 1870 979 all'ectu,
1903 944 1939 972 ut

1196 993 1235 1025 ad
1260 992 1405 1025 assiduas
1422 997 1551 1025 nostras
1569 992 1718 1035 publicae
1740 992 1938 1025 christifide-

1196 1045 1274 1078 lium
1298 1045 1419 1088 ubique
1445 1046 1653 1088 populorum,
1671 1045 1786 1088 quibus
1807 1055 1866 1078 nos
1893 1045 1938 1078 vi-

1196 1097 1304 1131 cissim
1321 1098 1534 1140 apostolicam
1551 1098 1802 1131 sollicitudinem
1818 1098 1937 1140 impen-

1197 1152 1273 1184 dere
1299 1151 1467 1191 debemus‚
1485 1151 1737 1194 supplicationes
1762 1151 1936 1184 addantur.

1197 1204 1313 1237 Potens
1339 1209 1388 1236 est
1414 1204 1499 1236 enim
1518 1204 1622 1236 oratio
1640 1204 1805 1237 Ecclesiae
1823 1203 1939 1246 depre-

1196 1258 1297 1290 cantis
1314 1258 1354 1290 ad
1375 1258 1557 1300 Dominum⁷
1576 1257 1631 1301 qui
1648 1258 1810 1300 benignus
1832 1262 1863 1290 et
1881 1257 1937 1290 rni-

1196 1312 1335 1345 sericors
1361 1317 1417 1352 est,
1436 1318 1467 1344 et
1491 1311 1688 1354 propitiatur
1712 1310 1938 1343 invocantibus

1197 1376 1271 1398 eum
1297 1365 1329 1398 in
1353 1365 1500 1398 veritate.
1536 1365 1653 1397 Iunctis
1680 1364 1778 1407 igitur
1804 1369 1836 1397 et
1860 1374 1937 1397 con-

1198 1418 1350 1451 cordibus
1375 1418 1529 1462 precibus
1555 1417 1855 1451 misericordiarum
1880 1417 1939 1450 Pa-

1198 1478 1279 1505 trem
1305 1477 1337 1505 et
1360 1472 1459 1505 Deum
1484 1471 1581 1504 totius
1607 1470 1841 1504 consolationis
1864 1481 1939 1504 exo-

1199 1536 1317 1565 remus,
1343 1531 1379 1558 ut
1403 1525 1435 1557 in
1452 1525 1678 1557 mandatorum
1704 1534 1834 1557 suorum
1854 1524 1937 1557 viam

1200 1580 1263 1612 una
1293 1589 1365 1612 cum
1390 1578 1572 1612 commissis
1597 1577 1712 1611 ovibus
1746 1577 1851 1620 gratia
1881 1579 1939 1610 sua

1200 1633 1279 1666 duce
1304 1643 1363 1666 nos
1381 1632 1506 1674 dirigat,
1525 1631 1753 1675 praesentibus
1769 1629 1939 1664 christiani

1199 1686 1312 1730 populi
1330 1684 1577 1719 necessitatibus
1594 1684 1756 1728 propitius
1777 1683 1867 1723 adsit,
1886 1684 1940 1716 ssa-

1201 1741 1285 1783 gella
1311 1749 1387 1772 suae
1405 1737 1602 1777 iracundiae,
1622 1747 1702 1780 quae
1720 1747 1778 1780 pro
1797 1736 1939 1779 peccatis

1201 1793 1321 1826 nostris
1340 1802 1518 1831 meremur,
1536 1792 1713 1824 clementer
1730 1794 1864 1829 avertat,
1881 1799 1940 1822 nec

1179 1857 1269 1885 mos,
1297 1856 1378 1889 quos
1404 1845 1524 1886 eligere
1549 1844 1701 1886 dignatus
1728 1847 1778 1875 est
1803 1843 1841 1874 ad
1868 1842 1941 1874 dan-

1202 1900 1273 1932 dam
1291 1898 1461 1931 scientiam
1479 1897 1591 1930 salutis
1608 1895 1696 1939 plebi
1715 1895 1794 1935 eius,
1809 1895 1941 1927 deserat

1201 1953 1233 1985 in
1261 1958 1405 1996 tempore
1431 1952 1533 1990 malo,
1560 1950 1614 1983 sed
1641 1949 1694 1982 det
1717 1948 1813 1981 nohis
1843 1947 1942 1980 virtu-

1203 2012 1267 2039 tem
1294 2011 1325 2038 et
1343 2004 1563 2038 fortitudinem
1582 2003 1613 2035 in
1630 2001 1852 2044 magnitudine
1870 2001 1943 2033 bra-

1202 2060 1267 2093 cliii
1293 2059 1353 2098 sui,
1387 2068 1424 2090 ac
1459 2055 1619 2089 illuminet
1643 2055 1742 2087 corda
1766 2060 1878 2087 nostra
1903 2054 1942 2086 ad

1202 2110 1466 2155 cognoscendum
1499 2108 1745 2151 faciendumque
1771 2108 1859 2151 qnod
1885 2107 1942 2140 bo-

1203 2175 1280 2197 num
1299 2169 1346 2196 est
1363 2163 1395 2195 in
1415 2163 1517 2195 oculis
1543 2161 1621 2194 suis.
1650 2160 1810 2193 Adeamus
1837 2165 1944 2193 mente

1203 2216 1334 2251 contriti
1361 2216 1399 2248 ad
1437 2216 1589 2248 thronum
1621 2213 1767 2257 gratiae,
1795 2213 1942 2246 dolentes

1203 2282 1262 2315 per
1286 2280 1395 2303 veram
1426 2268 1682 2313 poenitentiam,
1707 2267 1835 2300 veniam
1860 2271 1945 2309 peta-

1204 2335 1290 2364 mus3
1310 2324 1468 2356 instemus
1489 2321 1775 2355 obsecrationibus
1792 2325 1885 2352 nocte
1909 2329 1945 2351 ac

1205 2378 1277 2417 die;
1304 2375 1540 2409 sanctificemus
1565 2374 1700 2413 ieiuni-‘13
1721 2374 1943 2413 eleemosynas

1205 2431 1238 2463 in
1267 2431 1341 2463 sinu
1367 2437 1549 2472 pauperum
1574 2427 1832 2464 abscondamus;
1858 2424 1944 2457 aliis-

1205 2494 1266 2527 que
1292 2482 1421 2526 pietatis
1445 2481 1599 2524 operibus
1617 2479 1755 2512 divinam
1776 2478 1870 2510 nobis
1892 2478 1945 2509 mi-

1206 2536 1420 2570 sericordiam
1459 2534 1672 2568 conciliemus
1688 2559 1695 2572 ‚
1734 2542 1770 2564 ac
1810 2532 1944 2564 Domino

1242 2601 1252 2626 ¹
1277 2598 1376 2626 Forsan
1397 2597 1568 2624 collocantes
1588 2597 1625 2629 (a.
1648 2595 1696 2629 Τ.).

1937 201 1986 229 An.
2008 201 2037 228 C,
2063 202 2129 229 ¹089
