2227 3225
138 278 192 305 An.
208 277 235 306 C.
258 277 324 304 {698

187 549 323 570 confirmado

137 577 200 598 retati
215 578 305 596 «tccrctt.

170 1937 288 1959 Clausutao.

910 273 1119 298 INNOCENTIUS
1144 274 1187 297 HI
1213 274 1260 297 ΙΨ.

334 324 451 368 gendo.
466 324 585 357 Romae
602 334 633 356 vi
647 323 842 367 septembris
855 332 1022 356 imcxcvn.
1034 341 1078 345 ἡ

335 378 370 411 G.
399 377 571 410 cardinalis
597 376 788 410 Canrffilzrs.
816 376 896 408 Loro
914 377 937 419 ἦ·
955 375 1074 419 sigyille'.

332 451 376 455 ——
397 432 433 463 Α.
457 431 729 474 archiepiscopus
751 430 950 463 Athenarum
973 440 1080 462 secrc-

334 485 434 518 tarius
460 496 492 517 n.

378 540 392 582 ἓ
417 538 449 571 ⁵2.
477 538 553 571 Cum
578 543 695 577 autem,
714 538 795 570 sicut
820 537 1006 580 praedictus
1031 537 1081 569 lo-

335 593 458 635 sepbns
491 593 582 636 prior
617 592 779 634 generalis
813 592 907 624 nobis
942 592 1079 624 subinde

336 646 453 690 exponi
481 646 563 683 fecit,
591 646 660 688 ipse
688 646 852 678 decretum
881 645 1080 684 huiusmodi,

336 711 401 743 quo
428 699 550 731 lirmius
583 698 740 731 subsistat
776 704 808 731 et
833 703 983 730 serretur
1009 709 1081 730 exa-

336 754 426 792 ctius,
445 753 645 796 apostolicae
672 752 928 785 confirmationis
954 756 1080 785 nostrae

334 807 516 850 patrocinio
538 806 732 839 connnuniri
759 816 969 849 snn‘nnopere
997 806 1081 837 desi-

335 861 450 893 deret:
479 871 548 897 nos,
575 859 677 903 ipsius
702 859 922 903 procuratoris
950 870 1081 902 genera⁴

334 914 373 947 lis
391 914 470 947 rotis
488 914 548 947 bac
567 915 598 946 in
617 924 662 954 re,
681 919 836 956 quantum
855 924 925 946 cum
944 913 1080 946 Domino

334 978 515 1011 possumus,
529 967 748 1000 favorabiliter
759 977 905 999 annuere
924 967 1078 1007 volentes,

335 1031 473 1064 eumque
492 1031 508 1052 a
527 1019 692 1064 quibusvis
722 1019 1078 1060 cxcomn‘nmicationis,

335 1074 558 1118 suspensionis
583 1080 613 1107 et
645 1074 831 1114 interdicti,
859 1074 999 1118 aliisque
1021 1085 1076 1107 ec-

336 1127 526 1160 clesiasticis
544 1128 725 1168 sententiis,
743 1129 886 1161 censuris
905 1134 934 1161 et
953 1128 1077 1171 poenis,

335 1192 352 1213 a
374 1181 443 1214 inre
471 1183 520 1214 vel
547 1181 585 1213 ab
611 1182 753 1221 bomine,
775 1182 888 1225 quavis
907 1181 1079 1214 occasione

335 1235 383 1267 vel
408 1233 502 1267 causa
528 1235 610 1275 latis,
638 1236 661 1267 si
689 1235 806 1278 quibus
829 1235 1080 1279 quomodolibet

336 1288 510 1321 innodatus
537 1289 656 1329 existit,
684 1290 722 1322 ad
750 1289 899 1322 ess'ectum
926 1300 1080 1333 praesen-

336 1341 416 1375 tium
455 1343 621 1375 dumtaxat
657 1343 938 1386 consequendum,
966 1343 1079 1375 barum

336 1396 421 1429 serie
442 1395 650 1428 absolventes
669 1400 700 1428 ct
717 1396 901 1428 absolutum
924 1396 991 1428 sore
1010 1406 1081 1428 cen-

335 1453 460 1489 sentes,
502 1448 798 1492 supplicationibus
840 1449 908 1481 eius
948 1449 1080 1482 nomine

336 1501 431 1534 nobis
454 1512 552 1545 snper
577 1501 640 1534 hoc
667 1502 834 1535 humiliter
852 1502 1012 1545 porrectis
1037 1502 1081 1534 in-

335 1555 456 1596 clinati,
479 1556 649 1588 decretum
668 1556 918 1598 praeinsertum,
941 1556 1081 1589 auctori-

336 1613 400 1642 tate
425 1609 613 1652 apostolica,
640 1614 753 1642 tenore
779 1610 1012 1652 praesentium,
1031 1620 1083 1653 ap-

334 1662 514 1706 probamus
541 1666 573 1694 et
590 1662 830 1702 confirmamus
849 1663 961 1706 illique
980 1663 1082 1696 invio-

335 1715 443 1748 labilis
469 1716 666 1759 apostolicae
693 1715 852 1749 firmitatis
879 1717 980 1750 robur
1005 1716 1083 1750 adii-

337 1768 459 1808 cimus;
481 1770 567 1801 salva
589 1774 693 1801 tamen
715 1779 846 1812 semper
870 1769 903 1802 in
925 1770 1083 1813 praemis-

337 1821 380 1854 sis
410 1822 602 1855 anctoritate
629 1828 824 1856 memoratae
851 1822 1082 1866 Congregatio-

337 1875 387 1908 nis
412 1876 639 1908 cardinalium.

383 1929 397 1972 ἓ
423 1929 454 1963 3.
482 1930 862 1970 tte001·nentes,easd0m
890 1936 1081 1974 praesentes

338 1982 465 2016 litteras
501 1994 635 2026 semper
671 1983 790 2024 firmas,
818 1984 937 2017 validas
963 1991 995 2018 ct
1015 1985 1081 2018 effi-

339 2046 432 2069 caces
451 2036 591 2070 existere
611 2042 640 2069 et
660 2038 736 2076 sore,
755 2049 894 2081 suosque
914 2038 1080 2082 plenarios

340 2094 373 2122 et
397 2090 542 2133 integros
564 2089 697 2123 effectus
725 2091 833 2124 sortiri
863 2097 894 2124 et
922 2091 1081 2133 obtinere,

338 2156 374 2179 ac
391 2144 464 2184 illis,
486 2144 524 2176 ad
550 2155 631 2188 quos
658 2150 782 2188 spectat
808 2149 837 2178 et
858 2156 916 2188 pro
936 2151 1081 2189 tempore

339 2197 506 2243 spectabit,
534 2197 566 2230 in
594 2198 743 2231 omnibus
762 2204 794 2231 ct
810 2210 869 2242 per
887 2200 996 2232 omnia
1015 2200 1083 2243 ple-

339 2252 475 2285 nissime
501 2250 680 2294 suffragari,
707 2257 738 2284 et
763 2252 802 2284 ab
828 2253 874 2285 eis
901 2254 1082 2296 respective

339 2304 575 2338 inviolabiliter
600 2305 789 2345 observari,
809 2305 922 2349 sicque
940 2305 971 2338 in
989 2317 1082 2349 prae-

338 2357 445 2391 missis
471 2368 531 2402 per
556 2368 782 2402 quoscumque
807 2358 930 2392 iudices
957 2359 1084 2393 ordina-

338 2411 405 2444 rios
432 2416 464 2445 et
489 2412 667 2455 delegatos,
702 2412 800 2445 etiam
832 2422 1001 2445 causarum
1027 2423 1083 2456 pa-

339 2463 408 2497 latii
427 2465 598 2509 apostolici
617 2465 795 2506 auditores,
814 2466 948 2499 iudicari
969 2471 999 2500 et
1026 2467 1081 2500 de—

340 2516 426 2550 finiri
458 2518 578 2552 debere
596 2546 603 2560 ,
640 2530 676 2552 ac
704 2520 837 2553 §rritum
865 2526 896 2553 et
921 2521 1026 2561 inane,
1054 2521 1080 2553 si

340 2580 433 2603 secus
458 2581 556 2614 snper
578 2572 628 2604 his
652 2583 670 2605 a
695 2583 867 2616 quoquam,
890 2573 1002 2616 quavis
1027 2584 1082 2607 an-

341 2624 501 2665 ctoritate,
528 2625 669 2660 scienter
693 2627 741 2660 vel
767 2627 964 2670 ignoranter,
981 2628 1082 2662 conti-

341 2678 426 2722 gerit
451 2679 614 2712 attentari.

1165 324 1179 365 ᾗ
1204 322 1235 354 4.
1267 322 1337 354 Non
1366 322 1573 354 obstantibus
1602 323 1802 365 praemissis,
1829 334 1865 357 ac

1121 375 1410 408 constitutionibus
1447 380 1475 407 et
1502 375 1763 409 ordinationibus
1789 387 1867 419 apo-

1122 429 1254 469 stolicis,
1290 440 1415 462 necnon
1458 429 1560 462 dictae
1599 429 1866 472 Congregationis

1122 483 1296 516 Doctrinae
1322 483 1536 523 Christianae,
1555 483 1651 516 ctiam
1670 484 1866 525 iuramento,

1122 536 1371 569 confirmatione
1397 536 1586 579 apostolica,
1604 537 1653 569 vel
1681 537 1790 580 quavis
1816 536 1868 569 fir-

1123 591 1233 624 mitate
1270 591 1332 624 alia
1368 590 1541 632 roboratis,
1576 591 1703 624 statutis
1732 597 1764 624 et
1795 602 1869 625 con-

1123 645 1361 684 suetudinibus,
1376 645 1557 688 privilegiis
1575 655 1714 688 qnoque,
1733 645 1868 679 indultis

1125 704 1156 731 et
1170 699 1286 731 litteris
1301 698 1492 741 apostolicis
1510 698 1542 730 in
1561 699 1758 731 contrarium
1774 710 1869 743 prae-

1124 752 1299 785 missorum
1325 752 1575 795 quomodolibet
1600 753 1773 792 concessis,
1791 763 1869 785 con-

1124 805 1258 837 firmatis
1294 811 1325 837 et
1360 805 1544 845 innovatis3
1572 806 1689 848 quibus
1716 806 1868 839 omnibus

1124 865 1155 892 et
1173 859 1321 902 singulis,
1341 859 1472 891 illorum
1493 864 1622 892 tonores
1639 859 1867 903 praesentibus

1123 923 1183 956 pro
1213 913 1310 955 plene
1348 917 1378 944 et
1414 912 1613 944 sufficienter
1645 912 1808 955 expressis
1834 923 1869 946 ac

1124 966 1162 999 de
1188 967 1286 999 verbo
1311 965 1349 998 ad
1376 965 1509 998 verbnm
1536 966 1667 999 insertis
1696 966 1866 1007 habentes,

1124 1020 1187 1053 illis
1214 1020 1292 1053 alias
1323 1019 1355 1052 in
1385 1030 1442 1053 sno
1479 1020 1596 1053 robore
1634 1020 1867 1064 permansuris,

1123 1074 1162 1106 ad
1177 1073 1431 1117 praemissorum
1448 1073 1607 1114 effectum,
1621 1074 1682 1106 bac
1697 1075 1763 1106 vice
1780 1073 1869 1106 dum-

1124 1132 1219 1167 taxat,
1237 1126 1421 1170 specialiter
1439 1133 1469 1159 et
1487 1137 1640 1169 expresse
1660 1126 1867 1169 derogamus;

1123 1181 1307 1225 ceterisque
1334 1181 1506 1214 contrariis
1533 1181 1806 1225 quibuscumque.

1166 1235 1281 1268 Datum
1307 1235 1441 1275 Romae,
1461 1235 1545 1277 apud
1565 1234 1596 1267 S.
1614 1234 1744 1267 Mariam
1770 1233 1868 1267 Maio—

1124 1300 1205 1328 rem,
1229 1290 1289 1322 sub
1318 1290 1440 1322 annulo
1466 1288 1649 1329 piscatoris,
1676 1289 1727 1321 (lie
1754 1298 1784 1322 ix
1816 1299 1870 1321 au-

1124 1343 1209 1385 gusti
1235 1352 1414 1383 MDcxcvlu,
1441 1341 1647 1386 pontificatus
1678 1342 1782 1375 nostri
1814 1352 1869 1375 an-

1123 1406 1165 1429 no
1189 1405 1258 1429 vni.

1159 1457 1218 1485 Dat.
1236 1458 1279 1485 die
1294 1458 1310 1486 9
1331 1457 1440 1494 angusti
1460 1458 1537 1492 1698,
1555 1458 1652 1493 pontis.
1670 1466 1714 1484 an.
1732 1464 1789 1484 viti.

1445 1571 1546 1606 CLXI.

1123 1644 1283 1678 Aboletur
1309 1645 1471 1678 venalitas
1507 1645 1608 1687 officii
1632 1644 1869 1678 camerariatus

1168 1698 1198 1730 S.
1220 1699 1258 1731 R.
1280 1697 1333 1739 E„
1353 1709 1426 1731 cum
1443 1698 1730 1731 dismembratione
1753 1708 1870 1741 quam-

1165 1752 1317 1795 plurium
1354 1753 1423 1785 eius
1464 1752 1680 1792 reddituum,
1717 1752 1870 1786 Gamerae

1167 1805 1374 1849 Apostotieae
1399 1809 1427 1837 et
1451 1805 1673 1838 aromatariae
1702 1815 1761 1848 pro
1789 1815 1870 1848 pau-

1167 1859 1301 1902 peribus
1329 1859 1422 1892 Urbis
1446 1859 1689 1903 adscriptorum
1713 1857 1733 1891 ¹.

1308 1930 1505 1958 Innocentius
1526 1931 1606 1964 Papa
1624 1929 1690 1963 ΧΠ,

1245 1976 1281 2002 ad
1299 1978 1476 2010 perpetuam
1495 1975 1540 2002 roi
1555 1975 1738 2002 memoriam.

1169 2038 1215 2071 Ad
1234 2038 1370 2072 Romani
1388 2037 1568 2079 Pontitieis,
1585 2049 1681 2082 quem
1701 2038 1868 2072 constituit

1124 2092 1277 2125 Dominus
1303 2102 1402 2136 snper
1427 2091 1579 2124 familiam
1600 2102 1701 2132 suam,
1723 2091 1866 2125 ministe-

1124 2147 1207 2179 rium
1231 2146 1388 2190 pertinet,
1407 2151 1451 2186 nt,
1466 2151 1541 2189 post
1560 2147 1677 2179 multas
1704 2151 1735 2179 et
1755 2156 1866 2189 graves

1125 2201 1295 2243 pastoralis
1321 2199 1417 2233 officii
1439 2210 1546 2240 curas,
1571 2199 1610 2233 ad
1637 2199 1867 2243 temporalium

1161 2291 1171 2317 1
1196 2290 1270 2317 Inter
1289 2290 1382 2325 plures
1402 2289 1589 2316 concessiones
1612 2289 1695 2316 factas
1720 2289 1868 2316 camerario

1125 2335 1288 2369 praesertim
1315 2338 1356 2361 est
1384 2334 1430 2361 itta
1456 2334 1580 2369 Gregorii
1600 2333 1645 2361 XV
1674 2333 1783 2362 constit.
1804 2334 1867 2361 edit.

1125 2385 1239 2413 nncxxi,
1261 2378 1304 2405 die
1316 2380 1330 2405 ὅ
1342 2378 1414 2410 maii,
1429 2378 1525 2414 pontif.
1547 2378 1613 2412 13in
1625 2378 1707 2405 huius
1726 2378 1867 2405 Pontiticis

1125 2426 1210 2450 const.
1233 2422 1298 2450 edit.
1320 2428 1422 2455 mecm,
1444 2423 1488 2450 die
1509 2423 1542 2450 15
1563 2422 1662 2455 martii,
1681 2423 1775 2458 pontif.
1793 2429 1810 2457 1,
1828 2430 1869 2450 re-

1124 2468 1210 2495 stituti
1226 2468 1302 2495 fuere
1318 2467 1422 2495 fructus
1433 2467 1667 2499 vicecancellario;
1685 2467 1712 2494 in
1725 2470 1809 2495 const.
1823 2467 1866 2495 ed.

1124 2519 1281 2545 moctxxxlt,
1311 2513 1354 2540 die
1374 2513 1408 2540 23
1429 2513 1558 2545 octobris,
1587 2512 1682 2548 pontif.
1709 2518 1737 2545 11,
1768 2512 1868 2540 abolita

1123 2558 1175 2585 suit
1202 2558 1332 2584 venalitas
1361 2557 1504 2591 auditoris,
1526 2557 1702 2589 thesaurarii,
1723 2557 1867 2584 duodecim

1123 2602 1284 2629 clericorum
1296 2606 1322 2629 et
1333 2602 1515 2638 praesidentis
1535 2603 1664 2629 Gamerae
1676 2610 1682 2635 3
1694 2605 1721 2628 et
1740 2601 1767 2628 in
1779 2606 1866 2629 const.

1124 2647 1188 2674 edit.
1209 2653 1337 2681 mnemia,
1359 2647 1402 2674 die
1423 2647 1457 2674 30
1476 2646 1617 2680 februarii,
1638 2645 1734 2681 pontif.
1755 2654 1790 2679 lx,
1811 2646 1868 2681 agi-

1125 2695 1167 2719 tur
1186 2691 1219 2719 de
1239 2691 1308 2719 <latis
1329 2695 1354 2720 et
1374 2691 1514 2727 promissis
1529 2699 1577 2727 pro
1592 2691 1692 2719 iustitia
1708 2690 1749 2719 vel
1767 2692 1865 2726 gratia.

1947 338 2000 357 lter-⁴·

1904 2045 1954 2065 Exci
1961 2044 2025 2065 nbum.

1750 265 1813 299 8⁶29
1862 275 1914 302 An.
1935 275 1963 302 C.
1983 275 2048 301 1698

2004 339 2061 362 ,catio

1878 367 2029 384 rutilii-swintun
