2254 3225
210 211 257 240 Λη.
274 212 303 240 C.
327 213 390 240 teat

235 697 322 717 Sanctio
342 702 393 724 poe·

208 724 271 744 natu.

237 2183 280 2204 Em
270 2183 304 2202 ιιι-ι’
309 2184 350 2203 iun]
371 2186 395 2202 ex

211 2215 262 2254 eai'si
266 2210 282 2228 is
333 2209 376 2229 buu
364 2214 412 2228 tus

224 2241 248 2255 c
259 2237 338 2281 ιιιΙΙιιιι
336 2241 381 2255 ιιιι

211 2243 292 2288 peitiu

439 204 503 237 ΞΜ
975 215 1149 238 crimnis-u

401 263 623 305 praesentium
648 263 826 295 litterarum
842 263 1062 305 transumptis,
1081 274 1134 295 seu

402 316 569 360 exemplis,
595 316 691 350 etiam
716 316 893 359 impressis,
917 327 1013 348 manu
1038 315 1136 348 alicu-

401 369 450 402 ius
472 369 588 402 notarii
613 369 733 413 publici
759 368 961 413 subscriptis,
978 373 1009 401 et
1028 368 1135 410 sigillo

400 433 559 467 personae
583 422 616 456 in
641 423 796 465 dignitate
821 421 1041 456 ecclesiastica
1064 431 1137 453 con-

402 477 532 510 stitutae
557 476 714 517 munitis,
742 476 856 509 eadem
887 485 1023 518 prorsus
1055 473 1134 506 fides

401 530 435 562 in
459 529 579 563 iudicio
604 535 635 563 et
659 534 749 562 extra
766 528 846 562 illud
866 528 1033 565 habeatur,
1054 536 1135 569 quae

401 584 580 617 haberetur
604 582 683 626 ipsis
717 580 944 625 praesentibus
974 579 998 612 si
1028 579 1137 612 forent

403 637 566 670 exhibitae
592 637 641 669 vel
667 640 829 668 ostensae.

448 689 538 733 ἓἸΟ.
569 689 653 722 Nulli
691 698 770 730 ergo
805 686 936 720 omnino
968 687 1135 719 hominum

403 743 501 777 liceat
523 742 674 786 paginam
706 741 790 773 hanc
821 745 1004 773 nostrarum
1029 749 1138 772 exem-

402 795 534 839 ptionis,
560 793 777 833 liberationis,
803 793 1019 833 voluntatum,
1045 803 1136 824 man-

403 849 560 888 datorum,
585 845 822 890 permissionis,
846 845 980 885 indulti,
1006 855 1138 878 conces-

401 902 553 941 sionum,
579 899 792 939 onerationis,
817 898 1061 938 moderationis,
1087 908 1138 931 re-

402 952 622 993 formationis,
647 951 864 991 reductionis,
891 951 1026 991 decreti,
1052 950 1138 983 inbi-

400 1006 559 1045 bitionis,
601 1004 828 1038 declarationis
844 1031 851 1044 ,
891 1003 1068 1036 sanctionis
1107 1008 1138 1036 ct

402 1059 624 1102 derogationis
660 1058 859 1100 infringere,
897 1067 956 1089 seu
990 1056 1018 1089 ei
1058 1067 1137 1089 ausu

402 1112 573 1145 temerario
598 1112 777 1151 contraire3
804 1111 829 1143 si
856 1111 926 1154 quis
951 1115 1057 1143 autem
1075 1110 1138 1143 hoc

403 1170 562 1198 attentare
587 1164 854 1208 praesumpserit,
878 1163 1136 1206 indignationem

403 1218 635 1262 omnipotentis
660 1217 714 1250 Dei
740 1228 775 1250 ac
798 1217 970 1250 beatorum
995 1217 1081 1249 Petri
1107 1222 1138 1249 et

401 1272 492 1306 Pauli
512 1272 736 1315 apostolorum
754 1270 821 1303 eius
838 1281 872 1304 se
893 1270 1019 1303 noverit
1037 1270 1139 1303 incur-

401 1336 526 1358 surum.

445 1379 559 1411 Datum
592 1379 730 1417 Romae,
758 1378 842 1420 apud
869 1377 899 1410 S.
927 1377 1057 1410 Mariam
1076 1377 1139 1409 Ma-

401 1432 528 1472 iorem,
560 1442 646 1465 anno
682 1430 920 1464 Incarnationis
957 1429 1138 1463 dominicae

402 1494 550 1524 unchW,
577 1495 613 1517 ιιι
638 1483 786 1516 kalendis
813 1483 984 1523 februarii,
1008 1482 1140 1526 pontifi-

402 1543 491 1570 catus
516 1536 616 1571 nostri
643 1547 728 1570 anno
752 1547 800 1570 111.

437 1600 494 1627 Dat.
512 1600 555 1627 die
570 1600 604 1627 30
620 1600 733 1627 ianuarii
752 1600 831 1634 1694,
847 1599 944 1635 pontif.
964 1607 1034 1626 anno
1051 1606 1088 1627 111.

695 1716 842 1749 LXXXII.

403 1787 659 1830 Confirmantur,
679 1787 898 1819 emendantur
918 1792 944 1819 et
961 1787 1141 1829 reforman-

448 1845 501 1873 tur
510 1840 753 1873 constitutiones
764 1839 915 1882 Greqorii
922 1839 983 1879 XI,
995 1839 1084 1872 Siara
1094 1839 1143 1872 IV

446 1897 475 1926 et
494 1893 580 1926 Iulii
596 1893 636 1926 II
646 1903 742 1936 super
760 1892 971 1935 facultatibus
985 1896 1141 1935 prolecto-

446 1957 521 1980 rum
548 1947 712 1981 Ordtnum
736 1945 977 1989 reqularium¹.

573 2017 770 2046 Innocentius
792 2017 964 2050 episcopus,

598 2070 704 2089 servus
716 2068 870 2089 servorum
885 2062 947 2095 Dei,

523 2107 560 2135 ad
578 2110 752 2141 perpetuam
774 2107 819 2135 rei
839 2107 1023 2134 memoriam.

449 2169 725 2209 Christifidelium
740 2169 805 2212 qui,
821 2168 940 2212 spietis
954 2168 1142 2202 saeculibu-

407 2235 453 2255 ius
477 2223 656 2261 illecebris,
677 2224 736 2255 sub
762 2223 852 2256 suavi
869 2223 1141 2266 religionisiugo

407 2276 505 2309 divini
531 2275 675 2308 Numinis
701 2286 770 2308 sese
796 2276 1021 2319 mancipatunt
1048 2277 1143 2309 obse-

407 2330 502 2373 quiis,
529 2328 700 2362 salubriori
725 2328 874 2370 regimini
897 2329 1142 2362 etfelicioribus

1176 214 1327 238 R011.tNt·‚u

1177 268 1306 295 nostrae
1324 261 1594 295 considerationis
1611 262 1712 295 aciem
1731 263 1909 306 dirigimus,

1178 325 1237 357 per
1261 325 1357 357 quam
1383 314 1573 348 huiusmodi
1599 315 1823 358 religiosorum
1856 316 1911 349 Or-

1179 367 1282 407 dines,
1300 367 1331 400 S.
1354 367 1390 400 R.
1417 367 1452 401 E.
1479 368 1691 401 cardinalium
1716 369 1911 412 protectioni

1178 419 1352 460 commissi,
1378 420 1422 453 ita
1446 420 1592 454 eiusdem
1610 421 1825 464 protectionis
1839 432 1913 465 per-

1178 471 1326 504 fruantur
1346 473 1503 513 subsidio,
1521 479 1556 506 ut
1569 474 1748 507 claustralis
1770 474 1913 517 discipli-

1177 533 1237 557 nae
1261 525 1354 567 vigor
1378 525 1521 558 illibatus
1544 531 1745 569 permaneat,
1761 527 1913 559 instituti-

1179 587 1240 620 que
1265 578 1471 611 observantia
1495 583 1669 611 sartatecta
1695 584 1858 620 servetur,
1877 591 1913 613 ac

1179 635 1365 673 propterea,
1383 641 1466 674 quae
1500 642 1597 665 curae
1622 631 1809 666 huiusmodi
1834 643 1914 676 pro-

1179 688 1349 725 tectorum,
1368 690 1400 717 et
1420 695 1501 728 quae
1526 696 1625 719 curae
1650 696 1803 719 censurae
1821 697 1914 729 supe-

1180 736 1303 769 riorum
1328 738 1524 780 regularium
1555 739 1732 782 respective
1758 744 1789 771 et
1813 739 1913 781 magis

1180 794 1251 832 apte
1288 790 1495 831 conveniunt,
1523 793 1666 834 congrua
1705 791 1913 825 distinctione

1179 842 1378 883 ordinentur,
1403 853 1459 876 seu
1480 844 1597 887 potius,
1617 854 1698 888 quae
1716 850 1866 888 respectu
1885 856 1916 877 a-

1179 894 1295 927 licuius
1319 895 1448 928 Ordinis
1467 889 1531 939 'per
1554 896 1718 930 Romanos
1742 897 1915 930 Pontifices

1179 949 1447 990 praedecessores
1472 954 1600 982 nostros
1618 950 1756 993 proinde
1775 951 1916 993 desuper

1180 1002 1329 1035 ordinata
1350 1007 1542 1043 noscuntur,
1561 1003 1665 1046 quoad
1683 1003 1774 1036 illum
1799 1002 1916 1036 confir-

1180 1054 1330 1087 mationis
1347 1060 1476 1088 nostrae
1495 1055 1672 1088 munimine
1687 1056 1916 1089 constabiliam-

1181 1114 1242 1148 tur,
1268 1113 1299 1141 et
1318 1108 1425 1151 quoad
1451 1109 1604 1141 eumdem
1622 1114 1653 1142 et
1670 1109 1749 1142 alios
1768 1109 1913 1150 Ordines,

1180 1162 1333 1205 praefatis
1373 1162 1618 1205 protectoribus
1657 1163 1723 1196 sive
1764 1163 1916 1196 similiter

1181 1215 1247 1247 sive
1274 1214 1476 1248 dissimiliter
1501 1216 1755 1255 commendatos,
1777 1226 1836 1259 pro
1854 1218 1917 1249 una

1182 1268 1360 1311 eademque
1373 1269 1495 1310 regula,
1513 1269 1550 1301 ad
1570 1268 1688 1301 limites
1707 1274 1812 1302 tamen
1830 1280 1918 1313 prae-

1181 1321 1334 1360 sentium,
1355 1321 1579 1364 pariformiter
1598 1322 1847 1356 constituantur.

1225 1375 1239 1418 ἓ
1258 1374 1288 1407 l.
1308 1374 1400 1414 Sane,
1427 1374 1502 1407 hcet
1519 1374 1547 1407 S.
1569 1375 1758 1408 Franciscus
1776 1376 1814 1408 de
1833 1376 1918 1408 Assi-

1182 1428 1228 1461 sio
1249 1427 1280 1460 in
1299 1428 1368 1460 eius
1389 1429 1510 1470 rogata,
1537 1438 1595 1471 per
1615 1428 1730 1461 Sedem
1757 1429 1918 1472 Apostoli-

1181 1491 1248 1512 cam
1274 1480 1472 1520 confirmata,
1493 1481 1584 1513 hisce
1601 1481 1706 1514 verbis
1724 1483 1914 1525 praecepit:

1187 1547 1199 1565 α
1218 1534 1278 1566 Per
1295 1534 1515 1566 obedientiam
1534 1534 1573 1566 ad
1590 1534 1651 1566 boc
1669 1534 1804 1576 iniungo
1825 1535 1918 1567 mini-

1182 1587 1266 1624 stris,
1284 1592 1320 1619 ut
1344 1591 1456 1630 petant
1474 1597 1491 1619 a
1512 1586 1644 1619 domino
1662 1587 1748 1630 Papa
1761 1598 1858 1620 unum
1879 1588 1916 1621 de

1181 1640 1212 1673 S.
1228 1640 1265 1672 R.
1282 1640 1316 1672 E.
1337 1640 1567 1680 cardinalibus,
1584 1640 1636 1683 qui
1651 1640 1690 1672 sit
1705 1640 1915 1683 gubernator,

1182 1698 1347 1735 protector
1366 1697 1396 1725 et.
1413 1698 1578 1726 corrector
1592 1693 1683 1725 istius
1699 1693 1916 1735 fraternitatis,

1183 1750 1217 1778 ut
1238 1755 1365 1788 semper
1385 1745 1505 1778 subditi
1529 1750 1560 1778 et
1576 1745 1713 1778 subiecti
1732 1747 1869 1789 pedibus
1888 1758 1919 1779 e-

1182 1798 1310 1830 iusdem
1325 1797 1356 1830 S.
1380 1796 1416 1830 P..
1437 1798 1470 1830 E.
1485 1798 1617 1831 stabiles
1634 1798 1667 1830 in
1681 1797 1743 1831 fide
1758 1799 1919 1832 catholica

1182 1856 1406 1895 paupertatem
1432 1857 1463 1884 et
1487 1852 1702 1885 humilitatem
1724 1858 1752 1885 et
1772 1859 1918 1886 sanctum

1184 1905 1387 1947 evangelium
1413 1904 1533 1937 domini
1566 1905 1666 1937 nostri
1691 1905 1760 1937 Iesu
1786 1905 1917 1947 Christi,

1184 1958 1268 2001 quod
1283 1957 1653 2001 tiriniterpromittimus
1669 1959 1878 1991 observemus
1889 1971 1918 1998 »;

1183 2010 1399 2043 nibilominus
1418 2010 1566 2043 nonnulli
1588 2010 1725 2043 Romani
1747 2011 1919 2044 Pontifices

1183 2063 1458 2106 praedecessores
1478 2063 1582 2095 nostri
1599 2063 1795 2106 protectoris
1813 2064 1920 2097 huius-

1183 2116 1269 2148 modi
1309 2116 1478 2148 facultates
1516 2116 1738 2156 declarandas,
1762 2116 1919 2160 finesque,

1184 2169 1301 2212 quibus
1316 2169 1391 2202 illae
1408 2169 1558 2202 concludi
1577 2169 1744 2208 deberent,
1763 2171 1920 2212 praescri-

1184 2222 1305 2254 bendos
1331 2232 1415 2261 esse,
1441 2222 1472 2254 in
1505 2221 1642 2254 Domino
1668 2222 1917 2263 existimarunt,

1184 2275 1316 2318 suisque
1342 2275 1483 2317 desuper
1507 2274 1602 2307 editis
1626 2274 1742 2307 litteris
1768 2275 1921 2309 decreve-

1185 2333 1272 2360 runt.

1911 216 1964 242 An.
1982 217 2010 242 C.
2035 217 2102 243 1004

407 2383 439 2415 in
470 2381 607 2414 Domino
632 2381 877 2423 progressibus,
904 2387 1059 2424 quantum
1084 2393 1142 2415 no-

406 2436 457 2468 bis
483 2446 520 2468 ex
545 2436 610 2467 alto
644 2434 856 2473 conceditur,
880 2434 1069 2477 prospicere
1094 2446 1143 2468 sa-

408 2494 561 2530 tagentes,
582 2486 879 2528 intermultiplices
900 2497 1005 2525 curas,
1026 2488 1143 2530 quibus

408 2541 646 2575 occurrentium
672 2549 781 2571 rerum
806 2539 1074 2582 negotiorumque
1092 2551 1143 2573 va

410 2595 579 2630 rietatibus
605 2592 817 2634 obsidemur,

1229 2382 1243 2423 ἓ
1268 2380 1299 2413 2.
1327 2380 1403 2414 Cum
1422 2381 1506 2413 enim
1524 2380 1622 2424 aliqui
1643 2382 1832 2414 eorumdem
1849 2393 1921 2425 pio·
1957 2392 2073 2413 uomit
2083 2392 2113 2412 s..

1185 2441 1341 2468 tectouun
1356 2445 1445 2467 suam
1459 2435 1650 2478 potestatem
1664 2435 1796 2468 nimium
1812 2441 1920 2469 exten·
1931 2419 2029 2492 {gual
2032 2425 2078 2465 ¹03·
2080 2420 2113 2465 ¹3-

1185 2489 1270 2521 disse
1296 2488 1482 2521 dicerentur
1507 2488 1538 2520 in
1563 2488 1726 2531 pluiibus,
1744 2499 1779 2521 ex
1802 2478 1958 2544 (μιίἰιιιεῆῗι
1951 2478 2017 2544 aiiii:
2034 2473 2072 2543 :q

1184 2543 1216 2575 in
1241 2542 1360 2574 Oidine
1385 2542 1541 2574 Minorum
1567 2552 1680 2583 graves
1705 2544 1918 2585 pertuibatio-
1931 2557 1953 2571 r
1956 2531 2039 2571 ι”Χὶιι
2043 2554 2085 2572 ιι
2076 2532 2114 2549 ”“’

841 2592 879 2625 ad
907 2592 994 2625 illam
1013 2603 1141 2637 quoque
1185 2605 1244 2627 nes
1270 2599 1303 2627 et
1327 2594 1477 2627 scandala
1503 2595 1635 2628 fuissent
1659 2601 1787 2638 excita,
1813 2596 1917 2630 felicis
