2227 3225
121 227 174 253 An.
195 225 222 252 C.
244 225 304 252 169¹

143 390 270 412 Public-itio.

128 2291 268 2314 Prooemium.

893 226 1099 250 INNOCEa'rtt'S
1126 228 1139 249 X
1148 228 1169 250 11
1195 227 1241 250 Pr.

311 274 517 316 derogamus,
537 284 572 307 ac
589 274 775 317 derogatum
794 285 864 307 esse
882 276 1044 314 volumus;
1066 276 1070 286 ¹
1089 275 1300 315 vacationem,
1327 276 1424 308 nullis
1441 276 1561 309 nostris
1576 276 1826 318 suffragantibus

310 326 493 370 ceterisque
516 328 685 361 contrariis
712 328 977 371 quibuscumque.

351 379 442 422 gili.
470 379 510 412 Ut
545 386 650 413 autem
687 381 821 414 eaedem
856 387 1043 424 praesentes

306 432 433 466 litterae
459 433 497 466 ad
518 434 661 466 omnium
678 434 824 467 notitiam
846 434 970 466 facilius
988 434 1042 466 dc-

306 486 444 526 veuiaut,
468 488 614 519 volumus
639 492 670 520 et
693 487 884 520 auctoritate
909 492 1041 529 aposto-

303 538 366 572 lica
390 539 607 580 decernimus,
633 540 705 575 illas
730 541 770 573 ad
799 541 903 573 valvas
929 539 1040 572 basili-

302 602 357 624 cae
389 592 546 635 Principis
580 594 810 635 Apostolorum
843 598 876 625 et
906 592 1039 626 Cancel-

301 645 399 678 lariae
436 645 660 688 apostolieae,
687 656 722 678 ac
754 645 787 678 in
820 645 887 679 acie
917 645 1037 688 Campi·

300 698 398 731 ssorae
424 698 463 732 de
497 698 582 732 Urbe
606 709 667 742 per
690 699 832 742 aliquem
858 707 894 731 ex
926 708 1036 731 curso-

299 751 389 784 ribus
407 752 527 784 nostris
543 751 712 795 publicari,
731 763 767 785 ac
785 752 913 784 illarum
933 761 1035 784 exem·

299 805 351 845 pla
389 804 509 838 ibidem
540 804 633 837 affixa
668 805 830 848 relinqui,
857 815 959 847 quae,
988 804 1034 836 sic

298 857 491 899 publicatae,
508 867 619 891 omnes
637 863 668 891 et
685 858 840 900 singulos,
858 868 936 901 quos
960 867 1033 889 con-

296 915 442 950 cernunt,
469 910 605 953 perinde
631 910 772 944 afficiant
789 916 819 944 et
839 915 975 950 arctent,
997 920 1032 942 ac

297 962 322 994 si
346 962 476 995 illorum
500 963 674 1006 unicuique
706 963 925 1007 personaliter
948 963 1032 995 noti-

295 1014 408 1048 ficatae
434 1021 466 1048 et
489 1016 655 1049 intimatae
680 1017 838 1057 fuissent;
864 1022 963 1059 utque
982 1027 1031 1049 ea-

295 1068 441 1101 rumdem
476 1070 695 1111 praesentium
728 1070 949 1112 transumptis,
974 1080 1028 1101 seu

294 1121 460 1163 exemplis,
486 1121 582 1154 etiam
600 1123 776 1165 impressis,
797 1133 894 1154 manu
912 1122 1029 1155 notarii

294 1174 415 1216 publici
452 1175 665 1217 subscriptis,
694 1181 724 1208 et
760 1176 869 1217 sigillo
894 1175 1029 1208 alicuius

291 1238 453 1270 personae
478 1228 510 1260 in
536 1229 756 1262 ecclesiastica
771 1229 925 1271 dignitate
952 1239 1029 1261 con-

292 1281 422 1314 stitutae
448 1282 591 1321 munitis,
617 1283 730 1315 eadem
755 1282 834 1315 fides
858 1283 890 1314 in
908 1282 1027 1315 iudicio

291 1339 321 1365 et
346 1339 435 1366 extra
469 1333 550 1366 illud
580 1333 775 1367 adhibeatur
821 1345 902 1377 quae
936 1345 1028 1377 prae-

290 1386 436 1418 sentibus
453 1386 666 1422 adhiberetur
677 1388 703 1422 si
730 1384 839 1421 forent
863 1387 1026 1420 exhibitae

290 1439 339 1470 vel
360 1444 524 1472 ostensae.

333 1491 447 1525 Datum
474 1492 606 1532 Romae,
621 1492 707 1535 apud
735 1491 766 1525 S.
782 1492 913 1526 Mariam
930 1493 1027 1527 Maio-

290 1555 370 1585 rem,
389 1545 447 1577 sub
462 1547 581 1578 annulo
597 1545 783 1585 piscatoris,
802 1545 853 1578 die
866 1556 885 1578 v
903 1556 1028 1578 novem-

290 1597 356 1629 bris
381 1607 521 1638 uncxci,
548 1597 758 1641 pontificatus
779 1598 882 1631 nostri
900 1609 985 1631 anno
1002 1609 1023 1631 1.

325 1659 385 1687 Dat.
404 1660 448 1687 die
464 1660 481 1687 5
497 1660 654 1688 novembris
676 1660 753 1695 1691,
777 1660 872 1696 pontif.
894 1669 965 1689 auno
982 1667 999 1687 1.

616 1807 695 1840 XIII.

291 1886 455 1920 [inlicitur
492 1887 674 1919 iubilaeum
708 1886 894 1919 universale
930 1887 1028 1919 ‘c'nitio

332 1940 544 1983 pontificatus
566 1950 625 1983 pro
642 1939 784 1972 salutari
799 1939 960 1973 Ecclesiae
980 1951 1028 1972 re-

335 1993 460 2036 yi'mine
472 1993 492 2024 ¹.

473 2072 669 2100 Innocentius
690 2072 769 2106 Papa
789 2073 852 2106 XII,

294 2125 448 2152 Universis
469 2125 719 2153 christifidelibus
746 2128 923 2159 praesentes
948 2125 1030 2152 litte-

328 2176 377 2196 ras
397 2170 592 2203 inspecturis,
621 2171 751 2197 salutem
775 2173 806 2197 et
834 2171 1030 2197 auostolicam

328 2214 579 2242 benedictionem.

338 2285 387 2318 Ad
411 2286 590 2318 catholicae
613 2285 773 2318 Ecclesiae
801 2285 947 2328 regimen
973 2296 1032 2329 per

294 2337 492 2371 ineffabilem
527 2339 653 2372 divinae
677 2338 833 2371 bonitatis
866 2339 1032 2371 abuudan-

296 2391 379 2431 tiam,
406 2392 457 2424 cui
482 2391 652 2434 proprium
684 2396 734 2424 est
770 2391 895 2424 infirma
920 2391 1030 2423 riiundi

297 2445 416 2487 eligere
442 2451 473 2478 et
498 2446 647 2478 dexterae
668 2456 743 2477 suae
762 2445 908 2488 potentia
927 2445 1031 2477 facere

297 2496 400 2535 fortia,
417 2502 489 2539 post
513 2497 698 2530 diuturnam
719 2496 923 2539 Apostolicae
942 2496 1032 2528 Sedis

335 2568 346 2592 1
369 2566 446 2593 Aliud
471 2567 618 2593 iubilaeum
639 2566 789 2593 universale
815 2566 875 2593 vide
899 2565 925 2592 iu
946 2570 1032 2592 const.

299 2610 364 2638 edit.
384 2617 516 2646 numeni,
537 2612 580 2638 die
601 2612 614 2622 '¹
637 2611 798 2645 decembris,
818 2609 913 2646 pontif.
934 2616 962 2636 u.

1087 328 1208 360 meritis
1236 328 1349 367 evecti,
1374 328 1540 371 paruimus
1555 329 1695 370 quidem,
1712 334 1747 359 ut
1766 339 1825 370 par

1086 386 1165 419 erat,
1193 390 1352 424 supernae
1371 380 1455 414 vocis
1472 380 1619 423 imperio,
1641 392 1704 423 qua
1725 391 1824 423 super

1085 443 1142 465 nos
1167 433 1251 466 Deus
1275 433 1452 466 maiestatis
1476 433 1624 473 intonuit,
1646 433 1737 465 lirma
1765 444 1821 476 spe

1083 490 1178 527 atque
1206 486 1320 518 fiducia
1356 487 1388 519 in
1413 485 1549 520 Domino
1575 487 1661 526 freti,
1688 492 1739 525 ut,
1766 487 1820 528 qui

1082 539 1175 571 nobis
1202 540 1336 572 lionoris
1361 545 1476 573 auctor
1501 540 1617 579 suerat,
1640 539 1708 582 ipse
1726 539 1820 572 uobis

1081 589 1171 624 fieret
1202 592 1494 625 administrationis
1519 592 1664 631 adiutor,
1690 602 1743 629 ac,
1777 602 1818 624 ne

1080 643 1136 676 sul)
1154 645 1374 687 magnitudine
1392 646 1514 688 gratiae
1532 644 1817 677 succumberemus

1079 696 1204 735 intirmi,
1231 698 1377 731 virtutem
1405 699 1509 739 daret,
1536 698 1590 741 qui
1616 697 1753 730 contulit
1770 697 1817 730 di-

1077 749 1369 791 gnitatei11.Ver111n
1387 752 1460 784 dum
1475 761 1646 784 onerosam
1665 761 1815 783 curarum

1077 801 1313 843 pontificiarum
1339 804 1456 836 molem
1483 803 1657 837 humilitati
1684 809 1814 837 nostrae

1076 853 1256 896 impositam
1286 856 1371 890 serio
1397 862 1595 897 contuemur,
1629 857 1812 889 luctuosum

1076 907 1290 951 undequaque
1328 909 1390 942 lioc
1430 915 1577 952 tempore
1615 909 1812 943 christianae

1074 960 1260 1002 republicae
1286 967 1403 995 statum
1429 962 1628 1006 apostolicae
1644 963 1811 996 charitatis

1074 1013 1181 1046 studio
1207 1015 1460 1048 consideramus.
1482 1015 1745 1058 Anticipaverunt
1767 1015 1812 1048 vi-

1072 1066 1163 1108 gilias
1184 1068 1268 1100 oculi
1293 1068 1403 1108 nostri,
1423 1074 1518 1111 atque
1540 1069 1625 1101 inter
1642 1080 1808 1102 moerores

1073 1126 1103 1151 et
1127 1121 1266 1163 suspiria
1291 1132 1362 1154 cum
1394 1123 1557 1165 propheta
1588 1123 1679 1164 regio
1705 1124 1809 1156 excla-

1072 1182 1156 1205 mare
1169 1174 1406 1216 compellimur.
1421 1175 1596 1207 Eoeulmtus
1611 1176 1809 1209 launzitiatus

1069 1236 1137 1257 sum
1164 1230 1193 1258 ec
1222 1227 1455 1260 conturbatus:
1490 1232 1623 1260 terrores
1655 1230 1705 1261 tui
1735 1240 1808 1261 con-

1071 1279 1285 1312 turbaverunt
1323 1291 1399 1312 me:
1438 1281 1724 1315 circmmledrrunc
1759 1293 1807 1315 me

1069 1331 1151 1363 sicu!
1175 1343 1264 1374 <iqua
1290 1335 1353 1365 toa?
1369 1333 1430 1373 (lie,
1451 1334 1734 1367 circumtulerint!
1758 1346 1808 1368 me

1068 1384 1179 1416 simul.
1203 1385 1302 1417 Ardet
1326 1386 1495 1428 siquidem,
1518 1397 1591 1419 cum
1616 1388 1806 1429 gravissimo

1070 1437 1166 1469 totius
1193 1438 1258 1471 sere
1283 1438 1433 1482 Europae
1469 1439 1637 1480 incendio,
1677 1446 1710 1472 ut
1734 1452 1806 1473 cum

1069 1490 1205 1522 maxime
1230 1491 1377 1533 pertinax
1405 1491 1490 1525 inter
1507 1492 1702 1525 christianos
1717 1493 1807 1536 priu-

1069 1542 1157 1585 cipes
1182 1544 1315 1584 bellum,
1343 1554 1406 1587 quo
1424 1545 1598 1588 pleraeque
1619 1556 1722 1588 aeque
1751 1546 1807 1579 sso-

1070 1596 1272 1631 rentissimae
1297 1598 1471 1631 Christiani
1503 1597 1596 1630 Orbis
1621 1599 1805 1642 provinciae

1070 1654 1114 1682 tot
1138 1660 1196 1692 per
1216 1660 1318 1684 annos
1348 1652 1486 1693 agitatae
1524 1656 1686 1694 tamquam
1718 1652 1807 1694 virga

1069 1702 1185 1735 suroris
1210 1703 1336 1736 Domini
1362 1704 1558 1746 affliguntur.
1575 1704 1708 1737 Immitis
1729 1705 1807 1737 Tur-

1069 1767 1177 1788 earum
1204 1761 1357 1800 tyrannus
1381 1768 1445 1790 non
1472 1758 1566 1790 modo
1584 1759 1715 1801 nuperis
1734 1769 1806 1792 cum

1069 1808 1240 1842 immortali
1265 1810 1434 1842 christiani
1460 1810 1601 1842 nominis
1627 1811 1731 1852 gloria
1756 1821 1806 1843 ac·

1069 1861 1171 1904 ceptis
1208 1862 1355 1895 cladibus
1386 1861 1539 1902 irritatus,
1576 1872 1670 1905 quam
1700 1863 1808 1905 ingra-

1070 1914 1273 1947 vescentibus
1309 1915 1340 1947 in
1366 1915 1435 1947 dies
1460 1915 1718 1947 orthodoxorum
1746 1915 1808 1948 dis-

1070 1967 1276 2000 sensionibus
1309 1967 1341 1999 in
1366 1977 1456 2011 spem
1481 1968 1636 2001 adductus
1653 1996 1660 2008 ‚
1694 1967 1808 2001 ell'era-

1072 2020 1142 2052 tiori
1161 2031 1255 2063 quam
1270 2030 1410 2063 unquam
1436 2021 1522 2054 rabie
1542 2021 1665 2054 bellum
1686 2021 1809 2054 instau-

1071 2083 1140 2105 rare
1177 2073 1306 2116 satagit,
1333 2074 1542 2116 collectisque
1565 2079 1611 2106 tot
1628 2073 1809 2117 provincia-

1071 2137 1140 2159 rum
1166 2132 1198 2159 et
1221 2137 1416 2169 regnorum,
1442 2137 1524 2169 quae
1560 2127 1728 2169 tyrannide
1755 2129 1810 2159 sua

1071 2179 1236 2222 opprimit,
1260 2179 1404 2219 viribus,
1433 2179 1641 2222 praeteritam
1673 2179 1811 2221 ignomi-

1072 2233 1156 2264 niam
1191 2232 1344 2271 abolere‚
1371 2242 1407 2264 ac
1442 2232 1644 2274 perniciosos
1673 2238 1809 2266 conatus

1072 2296 1159 2324 suos,
1184 2285 1237 2328 qui
1263 2289 1455 2327 protegente
1481 2284 1618 2317 Domino
1652 2285 1811 2318 incassum

1073 2339 1227 2370 hactenus
1241 2337 1438 2377 ceciderunt,
1453 2337 1491 2369 ad
1506 2338 1623 2370 exitum
1640 2338 1810 2377 deducere,

1073 2401 1213 2434 suaeque
1225 2390 1380 2433 perfidiae
1395 2391 1670 2423 abominationem
1688 2391 1718 2423 in
1734 2402 1812 2433 agro

1074 2444 1128 2476 Dei
1153 2443 1287 2476 viventis
1307 2444 1452 2486 plantare
1470 2449 1502 2476 et
1517 2444 1611 2476 latius
1629 2454 1811 2486 propagare

1075 2497 1261 2529 meditatur.
1280 2495 1437 2529 Crescunt
1455 2496 1611 2538 quotidie,
1633 2496 1665 2528 in
1680 2496 1814 2528 catholi—

1075 2559 1129 2581 cae
1148 2549 1221 2580 {idei
1240 2548 1430 2591 perniciem,
1450 2549 1693 2581 haereticorum
1710 2548 1812 2589 vires,

1076 2606 1269 2644 sanctaeque
1305 2601 1359 2633 Dei
1396 2600 1555 2634 Ecclesiae
1596 2600 1718 2642 facies,
1753 2607 1815 2644 qua

1725 219 1789 252 ⁶227
1835 229 1886 254 An.
1907 228 1935 255 c.
1956 227 2016 254 ποθι
