2254 3225
246 205 295 231 An.
316 202 424 231 (1.4691

271 844 345 866 Preces
357 848 376 866 et
386 847 427 867 sus-

244 871 310 903 fraeia
319 880 355 898 pro
364 879 426 894 cano·

243 902 355 922 nuatione.

477 196 540 229 ate

437 264 529 287 mens
554 255 797 298 praedecessor,
823 257 931 289 accitis
956 257 1071 290 iterum
1092 266 1169 288 con-

438 307 628 348 sultoribus,
643 320 755 342 eorum
772 310 957 342 unanimem
976 309 1167 343 sententiam

438 366 470 394 et
508 362 720 395 cardinalium
759 363 976 406 praefatorum
1022 361 1169 403 suffragia

437 415 596 457 probavit,
617 426 714 459 posse
731 416 881 449 videlicet
899 416 1168 459 quandocumque

439 473 505 500 tuto
538 469 679 501 deveniri
716 470 755 501 ad
785 471 961 502 solemnem
1001 466 1168 499 memorati

437 520 473 553 B.
493 520 655 554 Pasclialis
674 522 952 554 canonizationem
971 521 1057 552 iuxta
1072 519 1168 550 ritum

435 571 548 605 S.R.E.
575 579 606 606 et
630 584 790 606 sacrorum
816 583 974 606 canonum
1000 571 1165 611 instituta,

436 634 572 668 eumque
597 626 723 659 deliniri
749 636 819 658 cum
838 626 901 657 Deo
924 628 1114 666 regnantem
1136 622 1167 654 in

436 677 540 719 gloria
563 678 760 717 Sanctorum,
780 683 810 710 et
828 687 939 710 eorum
954 678 1099 718 catalogo
1119 675 1167 708 ad-

436 730 602 773 scriptum,
624 731 679 763 toti
703 730 862 763 Ecclesiae
888 729 1062 763 colendum
1091 739 1168 772 pro-

436 783 526 826 poni.

481 836 495 878 ἓ
520 836 573 869 24.
600 836 730 869 lnterim
754 846 829 869 vero
863 836 976 869 eodem
1001 835 1166 869 Clemente

437 893 468 920 et
492 888 606 921 similis
631 889 865 921 recordationis
889 889 1080 922 Innocentio
1111 889 1168 920 Pa-

436 951 476 983 pa
502 941 540 973 xl
572 941 667 974 etiam
701 941 1009 984 praedecessoribus
1044 941 1166 974 nostris

435 994 518 1027 viam
542 994 709 1027 universae
735 994 840 1026 caruis
865 994 1031 1036 ingressis,
1053 994 1167 1026 ultima

434 1056 530 1078 manu
556 1046 630 1078 huic
654 1047 908 1079 canonizationis
932 1047 1064 1089 negotio
1086 1058 1167 1080 non-

436 1098 509 1129 dum
535 1099 670 1138 admota,
696 1110 766 1131 cum
792 1099 874 1132 aliae
905 1110 1020 1142 preces
1045 1110 1166 1133 memo-

435 1157 504 1183 rato
530 1152 711 1184 Alexandro
736 1152 981 1194 praedecessori
1001 1164 1017 1185 a
1037 1153 1166 1185 carissi-

434 1204 493 1236 mis
529 1204 561 1235 in
592 1204 717 1237 Christo
741 1204 815 1237 siliis
848 1205 967 1237 nostris
999 1206 1164 1248 Leopoldo

433 1255 650 1288 Romanorum
675 1266 751 1298 rege
780 1257 812 1288 in
837 1257 1067 1299 imperatorem
1100 1259 1165 1291 ele-

433 1313 484 1341 cto
510 1313 542 1340 et
565 1308 677 1341 Carolo
699 1310 926 1352 Hispaniarum
953 1321 1028 1353 rege
1055 1312 1166 1344 catho-

432 1361 497 1394 lico
514 1367 682 1404 porrectae
697 1362 843 1403 fuissent,
859 1369 888 1395 et
906 1364 1040 1397 subinde
1061 1376 1164 1397 vene—

432 1413 542 1446 rabilis
568 1414 666 1446 frater
691 1420 809 1454 noster,
838 1421 912 1449 tunc
938 1427 1023 1454 suus,
1040 1417 1162 1450 Flavius

433 1465 607 1508 episcopus
633 1467 821 1500 Portuensis
847 1468 877 1501 S.
905 1468 941 1501 R.
969 1469 1002 1501 E.
1024 1469 1164 1503 cardina-

429 1518 470 1550 lis
494 1518 619 1552 Chisius
652 1526 881 1563 nuncupatus,
907 1522 973 1555 vice
998 1523 1164 1556 venerabi-

430 1571 470 1603 lis
496 1572 590 1604 etiam
617 1572 723 1605 fratris
749 1573 863 1614 nostri,
888 1580 964 1607 tunc
990 1575 1049 1613 sui,
1067 1576 1163 1609 Alde-

430 1624 499 1656 rani
523 1625 666 1667 episcopi
691 1625 845 1659 Ostiensis
867 1627 1010 1660 eiusdem
1030 1629 1058 1661 S.
1077 1629 1112 1662 R.
1129 1629 1161 1661 E.

431 1677 603 1709 cardinalis
617 1677 703 1721 nybo
720 1679 898 1721 nuncupati
914 1681 1076 1722 praefatae
1088 1682 1163 1714 Con·

430 1729 627 1771 gregationis
660 1732 816 1773 praefecti
849 1733 962 1765 morbo
1001 1739 1073 1766 tunc
1109 1735 1163 1767 de-

430 1782 522 1821 tenti,
558 1782 590 1814 in
623 1783 816 1817 consistorio
853 1786 953 1828 ipsius
991 1787 1161 1819 Alexandri

428 1834 690 1875 praedecessoris
707 1842 832 1870 secreto
854 1848 1011 1871 summam
1033 1850 1163 1882 proces-

429 1888 498 1926 sus,
533 1898 686 1931 suamque
724 1896 755 1922 et
790 1890 926 1923 aliorum
963 1894 1160 1936 collegarum

428 1948 558 1971 suorum
583 1941 687 1974 dietae
713 1942 743 1974 S.
761 1942 797 1975 R.
813 1943 847 1975 E.
876 1944 1090 1977 cardinalium
1115 1957 1163 1978 sa-

428 1991 491 2024 cris
517 1993 630 2026 ritibus
667 1997 929 2039 praepositorum
967 2000 1160 2032 seutentiam

429 2046 641 2087 exposuisset,
668 2049 835 2091 ceterique
861 2050 893 2081 in
919 2051 1033 2083 eodem
1060 2052 1162 2084 consi-

428 2097 525 2130 storio
542 2106 727 2141 praesentes
752 2102 933 2135 cardinales
952 2103 998 2136 ei¹
1017 2105 1159 2137 unanimi

427 2149 576 2192 sull'ragio
602 2152 881 2194 adliaesissent,et
905 2161 1019 2199 postea
1044 2157 1076 2189 in
1097 2157 1160 2190 alio

426 2202 557 2244 publico
583 2205 785 2246 consistorio,
817 2218 902 2250 quo,
927 2215 1059 2252 praeter
1093 2221 1161 2243 car-

386 2298 393 2307 ·
428 2255 552 2289 dinales
589 2260 763 2300 praelatos,
802 2262 899 2294 etiam
944 2264 1159 2306 patriarchae,

427 2309 665 2354 archiepiscopi
691 2319 722 2345 et
745 2314 889 2357 episcopi
916 2315 946 2347 in
967 2316 1051 2349 Urbe
1074 2328 1159 2350 com-

427 2368 602 2402 morantes,
626 2375 662 2397 ac
686 2366 795 2399 dilecti
821 2367 877 2400 filii
904 2368 1068 2402 Romanae
1101 2370 1159 2402 Cn-

426 2414 493 2447 riac
518 2417 661 2457 praelati,
685 2418 851 2462 ipsiusque
877 2422 1050 2455 Alexandri
1072 2433 1159 2464 prae-

428 2467 606 2501 decessoris
631 2470 803 2505 familiares
820 2480 1050 2515 convenerant,
1079 2475 1157 2508 dile-

427 2524 496 2552 ctus
538 2522 632 2554 etiam
670 2523 753 2557 filius
793 2526 974 2560 Alexander
998 2527 1155 2570 Casalius,

463 2582 474 2607 1
496 2580 566 2609 Edit.
588 2583 667 2610 Main.
690 2585 753 2621 legit
771 2590 797 2615 et
816 2596 863 2623 pro
883 2589 910 2616 ei
928 2590 968 2624 (n.
985 2591 1033 2624 T.).

1020 208 1197 231 mmmmm
1224 207 1375 230 ROMANUM

1212 260 1350 294 nostrae,
1372 260 1446 287 tunc
1477 266 1566 297 suae,
1594 258 1826 291 consistorialis
1851 259 1942 292 aulae

1211 307 1393 348 advocatus,
1419 307 1458 340 de
1483 309 1565 349 vita,
1593 309 1764 343 virtutibus
1789 316 1821 344 et
1845 311 1942 345 mira-

1211 359 1292 390 culis
1318 358 1393 392 dicti
1419 360 1452 392 B.
1481 360 1643 395 Paschalis
1669 362 1813 403 dixisset,
1846 370 1942 407 atque

1211 412 1427 453 praefatorun‘i
1452 413 1670 448 Romanorum
1700 417 1787 459 regis
1822 417 1855 449 in
1886 417 1943 450 im-

1211 471 1393 506 peratorem
1418 468 1512 500 electi
1538 473 1569 501 et
1593 469 1821 512 Hispaniarum
1855 471 1940 513 regis

1211 517 1360 550 catholici
1395 524 1426 552 et
1462 520 1605 553 universi
1641 521 1772 555 Ordinis
1809 523 1942 556 fratrum

1210 569 1368 603 Minorum
1392 573 1494 605 sancti
1516 573 1679 607 Francisci
1705 575 1744 607 de
1769 574 1943 608 Observan-

1211 622 1252 654 tia
1276 624 1408 657 nomine
1433 626 1595 668 supplices
1619 637 1734 669 preces
1769 638 1829 670 pro
1860 628 1944 660 eius-

1211 675 1282 707 dem
1322 677 1564 711 canonizatione
1605 680 1795 720 detulisset,
1839 680 1942 714 dictus

1211 727 1391 762 Alexander
1415 732 1648 773 praedecessor
1669 733 1853 766 huiusmodi
1874 744 1944 777 pre-

1210 789 1262 812 ces
1288 780 1387 815 ell'uso
1412 792 1483 815 cum
1509 785 1682 818 exultantis
1711 785 1808 818 animi
1844 796 1942 819 sensu

1210 834 1344 877 excepit,
1365 840 1396 868 et
1420 837 1590 870 attendens
1620 839 1706 881 quod
1726 839 1764 871 ad
1783 838 1942 872 Ecclesiae

1208 886 1385 920 catholicae
1416 888 1552 930 gloriam
1583 889 1679 923 etiam
1714 901 1868 924 numerus
1908 896 1942 924 et

1210 940 1399 973 excellentia
1423 940 1624 983 Sanctorum,
1659 943 1713 986 qui
1747 944 1835 977 illam
1868 944 1943 976 illu-

1209 997 1358 1032 strarunt,
1386 994 1555 1036 pertineat,
1581 996 1707 1037 gavisus
1732 1007 1941 1040 summopere

1208 1044 1268 1076 suit
1301 1046 1339 1077 ab
1380 1046 1503 1078 eximiis
1540 1047 1697 1089 praedicti
1734 1053 1767 1080 et
1802 1049 1941 1081 aliorum

1209 1096 1379 1129 Beatorum
1403 1098 1575 1131 virtutibus
1611 1099 1802 1142 meritisque
1827 1100 1859 1132 in
1885 1111 1941 1133 eo-

1208 1149 1279 1180 dem
1294 1150 1485 1183 consistorio
1501 1151 1610 1184 relatis
1628 1152 1941 1194 praestantissimum

1208 1201 1268 1233 sibi
1293 1203 1444 1244 praeberi
1470 1209 1696 1246 argumentum
1722 1205 1867 1238 eiusdem
1885 1206 1943 1238 Ec-

1207 1255 1325 1288 clesiae
1365 1256 1501 1297 gloriam
1542 1257 1771 1300 amplificandi,
1817 1258 1941 1291 firmam

1207 1309 1397 1349 praesertim
1427 1309 1460 1341 in
1496 1320 1588 1353 spem
1622 1311 1776 1344 adductus
1808 1311 1875 1344 fore
1907 1316 1943 1344 ut

1206 1360 1317 1394 fideles
1350 1367 1425 1395 tunc
1462 1363 1531 1396 eius
1568 1375 1739 1407 supremae
1776 1364 1941 1398 custodiae

1206 1415 1367 1447 commissi
1405 1415 1444 1448 ad
1480 1421 1542 1448 tam
1576 1418 1743 1459 praeclara
1773 1417 1942 1460 sequenda

1206 1467 1339 1509 vestigia
1362 1469 1575 1502 vehementer
1598 1470 1827 1503 excitarentur.

1248 1520 1340 1563 §⁶25
1377 1521 1416 1554 Ut
1450 1527 1555 1554 autem
1596 1523 1818 1556 difficillimum
1857 1533 2133 1589 Opuspiicn'lissiisssmp'

1992 1570 2004 1583 a
2076 1577 2081 1583 ι

1205 1572 1264 1605 rite
1290 1573 1449 1607 conficere
1481 1576 1613 1615 valeret,
1648 1586 1664 1608 a
1688 1576 1873 1609 memoratis
1904 1575 1940 1609 fi-

1205 1626 1357 1666 delibus,
1386 1627 1472 1660 iuxta
1498 1628 1717 1671 praescriptas
1755 1629 1818 1661 iam
1853 1639 1871 1662 a
1906 1639 1938 1662 se

1205 1679 1362 1711 salutares
1381 1679 1608 1721 poenitentias,
1632 1681 1684 1724 pia
1701 1680 1938 1725 serventiaque¹

1206 1731 1384 1774 nuncupari
1408 1737 1480 1764 vota
1504 1732 1650 1775 impense
1675 1733 1708 1765 in
1732 1734 1866 1767 Domino
1886 1735 1940 1767 ssa-

1206 1783 1323 1825 gitaiit,
1350 1789 1385 1816 ut
1409 1795 1623 1827 supernorum
1648 1785 1807 1818 luminum
1831 1791 1936 1829 pater,

1206 1837 1375 1879 caligantis
1401 1837 1614 1870 humanitatis
1638 1840 1710 1871 velo
1730 1838 1881 1879 rescisso,
1899 1839 1942 1872 di-

1205 1890 1312 1922 vinum
1338 1890 1589 1934 beneplacitum,
1611 1892 1681 1925 sine
1699 1893 1829 1935 praevia
1849 1892 1938 1925 euius

1205 1943 1421 1986 intelligentia
1459 1944 1585 1977 infirma
1622 1945 1738 1977 suisset
1773 1945 1940 1988 quaelibet

1204 1996 1410 2037 deliberatio,
1437 1997 1496 2029 sibi
1522 1998 1718 2030 ostenderet.
1746 1997 1826 2036 Quin
1842 1999 1938 2031 etiam

1204 2050 1242 2082 ad
1267 2060 1379 2082 omnes
1411 2050 1645 2082 accuratissimi
1681 2050 1796 2083 iudicis
1828 2055 1936 2093 partes

1203 2102 1396 2145 implendas,
1421 2108 1593 2145 antequam
1617 2113 1714 2146 super
1739 2113 1773 2135 re
1795 2108 1858 2135 tam
1876 2113 1937 2135 ma-

1204 2156 1256 2198 gni
1282 2155 1435 2188 momenti
1460 2155 1673 2195 decerneret,
1706 2155 1872 2188 advocavit
1904 2156 1937 2188 in

1203 2208 1371 2241 consilium
1403 2208 1563 2250 praefatos
1598 2209 1799 2241 venerabiles
1823 2208 1937 2242 fratres

1203 2266 1342 2301 nostrOS,
1359 2266 1433 2293 tunc
1451 2271 1536 2301 suos,
1560 2262 1661 2294 dictae
1684 2261 1714 2294 S.
1728 2261 1765 2293 R.
1778 2261 1812 2294 E.
1832 2262 1937 2295 cardi-

1203 2315 1303 2353 nales,
1327 2324 1455 2346 necnon
1480 2314 1692 2357 patriarchas,
1720 2315 1938 2357 archiepisco-

1202 2378 1261 2410 pos
1286 2372 1317 2400 et
1341 2367 1512 2410 episcopos
1538 2372 1615 2400 tunc-
1639 2368 1671 2399 in
1693 2367 1777 2400 Urbe
1795 2378 1936 2401 commo-

1202 2426 1324 2460 rantes,
1360 2421 1414 2464 qui
1446 2421 1652 2463 postmodum
1682 2420 1715 2453 in
1740 2420 1935 2455 consistorio

1202 2474 1414 2516 semipublico
1440 2475 1478 2506 ad
1504 2474 1590 2506 hunc
1624 2473 1773 2506 ellectum
1799 2474 1931 2516 indicto,

1202 2526 1426 2569 praesentibus
1441 2525 1535 2559 etiam
1559 2526 1687 2567 nostris,
1707 2532 1783 2559 tunc
1808 2527 1881 2568 suis,
1903 2531 1935 2561 et

1238 2591 1248 2615 1
1271 2588 1341 2615 Edit.
1363 2587 1441 2615 main.
1462 2587 1527 2624 legit
1544 2588 1744 2623 frequentique
1758 2590 1796 2625 (a.
1815 2588 1864 2623 Τ.).

1951 211 1999 239 An.
2021 211 2048 238 C.
2067 211 2130 239 leot
