2254 3225
213 227 260 254 Λη.
278 226 307 252 c.
328 223 392 251 2695
437 211 501 246 688

239 1185 269 1206 nn
286 1186 327 1206 »ita
341 1191 396 1206 com-

213 1219 276 1233 munt.

404 270 624 315 supplicatum
651 272 695 300 est
722 264 979 299 eminentissimo
998 262 1140 296 cardina-

405 325 426 358 li
452 330 485 357 ut
510 323 548 357 ad
574 323 604 356 id
628 321 782 355 adhibeat.
810 325 842 352 et
872 317 1068 362 pontificiam
1091 327 1142 349 au-

405 378 596 416 ctoritatem,
621 385 714 419 quarn
740 373 920 406 humillime
940 376 1039 404 totum
1059 369 1142 412 capi-

405 433 506 465 tulum
532 429 743 463 Cluniacense
774 426 911 469 supplex
938 425 977 456 ab
1003 425 1142 466 Aposto-

405 484 465 516 lica
490 483 572 516 Sede
608 481 759 524 postulat.
788 479 923 520 insuper
954 475 1142 520 procurabit

405 535 681 570 eminentissimus
727 530 900 564 cardinalis
936 535 971 560 ut
1010 539 1026 560 a
1067 527 1141 559 viris

406 588 549 633 providis
575 586 756 630 inquiratur
781 584 845 616 cito
872 583 963 615 eitius
982 582 1020 614 de
1038 580 1143 613 reddi-

407 643 501 682 tibus,
523 641 646 674 iuribus
676 644 707 672 et
732 637 943 681 proventibus
972 634 1143 667 cuiuslibet

408 695 575 739 prioratus,
608 698 643 725 ut
679 691 804 735 possint
838 690 926 722 illius
958 686 1142 721 celsitudini

408 748 574 792 suppetias
594 747 689 778 serre.
709 745 746 777 Et
763 742 949 787 providebit
967 742 1072 781 etiam,
1092 751 1143 780 nc,

407 803 464 834 sub
490 804 657 844 praetextu
676 796 833 831 eiusmodi
851 796 1019 835 unionum,
1038 794 1144 825 incor-
1164 827 1166 836 Ι

409 853 614 898 porationum
649 856 703 884 aut
737 848 994 892 applicationum
1019 857 1166 879 mensa-v

408 917 478 939 rum
505 903 760 942 monac-balium,
775 900 991 939 fundationes,
1009 909 1090 942 quae
1112 898 1143 930 in
1164 911 1166 914 ¹

408 959 554 1003 quolibet
579 958 726 1001 prioratu
745 955 865 988 debent
882 964 899 985 a
916 952 1078 995 prioribus
1095 953 1144 985 vel

406 1011 574 1045 monachis
599 1008 788 1053 specialiter
812 1005 938 1050 peragi,
969 1010 1143 1048 ceteraque

407 1064 597 1098 eorumdem
614 1062 816 1106 prioratuum
833 1069 934 1093 onera
959 1064 990 1092 et
1013 1058 1145 1091 servitia

406 1123 581 1162 propterea
605 1114 852 1148 defraudentur.

449 1181 506 1204 vu.
539 1169 574 1202 In
605 1172 772 1212 posterum
808 1164 977 1199 monachis
1012 1164 1045 1197 in
1078 1174 1145 1197 mo-

406 1223 556 1257 nasteriis
578 1220 830 1266 particularibus
855 1218 1049 1261 degentibus
1069 1227 1145 1261 pen-

407 1279 514 1311 siones
541 1275 762 1320 personaliter
790 1284 856 1307 non
885 1274 1058 1312 solventur,
1087 1272 1144 1305 sed

407 1331 553 1364 redditus
587 1339 712 1367 omnes,
748 1327 801 1371 qui
830 1326 907 1370 ipsis
937 1336 953 1357 a
981 1324 1146 1369 prioribus

408 1395 467 1427 pro
485 1382 720 1416 sustentatione
738 1384 926 1423 erogantur,
941 1379 990 1411 vel
1007 1378 1045 1410 de
1063 1387 1146 1410 men-

409 1439 442 1470 sa
460 1437 499 1469 ad
518 1446 572 1469 eos
589 1439 754 1478 spectante
779 1431 1012 1476 quoquomodo
1037 1441 1147 1474 prove-

408 1490 511 1530 niunt,
527 1489 560 1522 in
586 1487 751 1522 communi
777 1490 979 1530 reponentur
1003 1495 1062 1528 per
1087 1485 1148 1517 cel-

409 1543 562 1577 lerarium
577 1547 631 1575 aut
647 1545 900 1584 procuratorem,
919 1539 951 1571 in
970 1538 1112 1581 capitulo
1131 1548 1147 1570 a

410 1601 570 1630 conventu
592 1594 789 1637 eligendum,
810 1592 1014 1625 ministrandi
1034 1591 1073 1623 ad
1092 1601 1148 1623 ne-

410 1648 583 1683 cessariam
611 1647 644 1680 in
671 1646 735 1679 vita
759 1645 922 1679 communi
940 1643 1148 1677 sustentatio-

409 1713 485 1736 nem
508 1701 756 1735 monachorum.
783 1698 993 1732 Decernimus
1020 1707 1148 1741 quoqne

411 1756 499 1800 quod
518 1765 576 1798 pro
595 1753 755 1793 vestiario,
770 1753 841 1786 loco
856 1750 1026 1795 pecuniae,
1044 1755 1149 1782 vestes
1169 1761 1171 1771 ¹

411 1810 559 1852 aliaeque
587 1818 637 1840 res
666 1805 865 1839 necessariae
891 1803 1071 1848 superioris
1095 1814 1149 1846 pa-

412 1864 504 1895 terna
533 1859 733 1904 providentis
762 1858 953 1891 auctoritate
980 1867 1040 1900 per
1068 1866 1150 1889 eum-

412 1915 485 1948 dem
503 1912 708 1946 cellerarium
725 1916 778 1943 aut
797 1914 1040 1954 procuratorem
1059 1908 1151 1941 dein-

413 1978 488 2011 ceps
513 1965 800 1999 subministrentur
822 1963 982 2003 omnibus,
1015 1967 1151 1994 tantum-

413 2020 522 2064 quein
537 2020 575 2052 iis
591 2019 688 2051 rebus
704 2016 878 2061 quotannis
893 2026 952 2059 pro
970 2014 1150 2058 superioris

412 2072 616 2118 providentia
635 2070 850 2114 impendatur,
872 2074 1026 2112 quantum
1048 2068 1152 2110 singu-

414 2129 453 2161 lis
472 2127 640 2161 monachis
656 2127 823 2158 numerata
842 2123 979 2168 pecunia
1001 2122 1151 2166 praeberi

414 2186 603 2215 consuetum
636 2180 761 2212 suerat:
791 2178 982 2211 mandantes
1012 2177 1088 2209 item
1119 2182 1153 2208 ut

416 2244 640 2280 quaecumque
659 2232 843 2276 perniciose
862 2231 984 2275 aliquid
1004 2230 1065 2263 sibi
1086 2235 1153 2262 tan-

416 2300 511 2334 quam
541 2298 632 2321 suum
663 2286 789 2329 sibique
815 2285 984 2328 proprium
1010 2283 1152 2316 habendi

416 2341 587 2387 cupiditati
607 2341 712 2373 favere
730 2339 794 2371 visa
811 2343 917 2378 erunt,
936 2338 1022 2370 omni
1046 2337 1152 2370 studio

416 2397 544 2440 penitus
571 2398 771 2431 resecentur.
802 2391 996 2424 Cellerarius
1025 2395 1153 2431 autem,

417 2457 472 2483 aut
488 2452 685 2493 procurator,
705 2445 831 2488 quoties
857 2444 988 2476 libuerit
1015 2454 1153 2476 conven-

419 2504 473 2544 tui,
492 2508 545 2536 aut
562 2501 601 2534 ad
624 2499 731 2532 minus
753 2497 899 2541 quolibet
923 2507 1018 2536 anno,
1036 2501 1067 2529 et
1085 2496 1153 2529 sine

417 2559 482 2590 ulla
514 2555 616 2594 mora,
640 2556 844 2594 receptorum
879 2555 910 2582 et
938 2559 1153 2592 expensarum

417 2611 575 2647 rationem
594 2617 700 2642 coram
719 2605 828 2648 priore
858 2609 888 2637 et
917 2603 1086 2636 monachis
1115 2603 1152 2636 ad

981 212 1160 238 mittamini
1184 211 1339 236 ROMANUM
1926 214 1975 241 An·
1996 215 2024 242 C.
2043 216 2109 244 ¹595

1180 261 1213 294 id
1231 272 1248 294 a
1272 264 1430 294 conventu
1458 259 1619 304 deputatis
1642 260 1777 295 reddere
1806 266 1918 295 exacte

1182 319 1214 346 ct
1230 313 1369 347 fideliter
1387 314 1562 347 tenebitur.
1593 314 1626 346 In
1656 314 1694 347 iis
1713 315 1916 348 monasteriis

1182 367 1213 399 in
1247 367 1363 410 quibus
1396 366 1543 400 officiarii
1576 368 1764 400 claustrales
1796 368 1918 411 aliique

1182 420 1340 453 beneticia
1365 419 1396 452 in
1423 420 1547 452 titulum
1571 420 1727 453 habentes
1748 431 1921 454 consueve-

1182 478 1258 504 runt
1288 483 1420 505 suorum
1454 472 1634 505 ot'ticiorum
1667 478 1722 505 aut
1749 473 1921 508 beneficio-

1182 535 1252 556 rum
1281 530 1457 568 proventus
1487 525 1723 566 administrare,
1745 527 1840 559 talem
1868 527 1921 560 ad-

1183 577 1453 611 ministrationem
1468 588 1533 611 non
1548 579 1752 619 exercebunt,
1770 579 1832 611 nisi
1849 590 1921 613 cum

1184 640 1284 663 onere
1303 636 1333 663 et
1351 631 1461 664 debito
1480 631 1640 664 reddendi
1658 632 1818 665 rationem
1833 638 1924 676 quot-

1185 683 1276 716 annis
1307 685 1421 717 saltem
1453 684 1678 727 superioribus
1707 685 1771 717 suis
1797 685 1835 718 dc
1862 696 1923 718 usu

1187 737 1375 770 eorumdem
1390 742 1605 780 proventuum
1624 737 1862 780 praedictorum
1881 739 1925 772 oi*-

1185 791 1331 824 sieiorum
1350 796 1403 823 aut
1420 790 1652 824 beneficiorum
1673 791 1704 823 in
1724 792 1923 834 exequendis

1186 844 1301 878 debitis
1320 844 1482 883 oneribus,
1502 843 1717 888 eleemosynis
1736 844 1924 888 largiendiS,

1186 904 1217 931 et
1234 898 1304 931 aliis
1322 897 1477 941 impensis
1497 896 1662 930 faciendis.

1229 961 1298 985 vui.
1331 950 1474 993 Capitula
1499 951 1687 993 generalia,
1722 951 1843 984 diutius
1876 952 1925 984 in-
1945 992 1949 995 K
1969 966 1999 987 ne
2024 965 2119 986 ceiam-

1186 1004 1353 1043 [οι-11115511,
1380 1003 1636 1035 celebrabuntur
1662 1009 1788 1044 exacte,
1814 1009 1850 1036 ut
1879 993 2118 1045 ca-¹g¹{'2i¹5r21ssf⁴¹''¹m¹

1185 1067 1289 1090 nones
1326 1056 1490 1089 Ecclesiae
1526 1061 1557 1090 et
1593 1067 1720 1089 sacrum
1745 1056 1924 1090 Concilium

1186 1110 1408 1144 Tridentinum
1439 1109 1660 1153 praecipiunt,
1690 1109 1724 1143 in
1755 1115 1925 1153 posterum

1186 1163 1323 1206 singulis
1357 1162 1505 1195 trienniis
1537 1163 1701 1196 dominica
1734 1163 1828 1196 tertia
1854 1168 1929 1207 post

1186 1217 1328 1257 Pascha,
1356 1216 1388 1249 in
1422 1226 1485 1259 qua
1518 1221 1664 1249 cantatur
1697 1226 1756 1260 pro
1789 1217 1927 1250 introitu

1186 1271 1306 1304 missae·
1328 1269 1483 1303 Iubz'late.
1511 1269 1596 1308 Quae
1621 1269 1754 1313 quidem
1787 1270 1929 1313 capitula

1186 1335 1245 1368 per
1269 1323 1498 1368 praecedentia
1523 1323 1719 1364 indicentur,
1739 1328 1770 1357 et
1787 1324 1825 1356 ad
1845 1334 1929 1367 quae

1187 1388 1300 1411 omnes
1336 1382 1398 1410 tam
1434 1377 1569 1409 abbates
1608 1387 1704 1420 quam
1741 1377 1870 1420 priores
1897 1382 1930 1410 et

1188 1430 1301 1464 decani
1320 1435 1516 1463 conventum
1535 1434 1606 1462 actu
1626 1430 1798 1470 habentes,
1826 1431 1931 1463 exclu-

1188 1485 1230 1517 sis
1268 1483 1401 1517 omnino
1438 1482 1603 1525 prioribus
1639 1483 1770 1522 ceteris,
1803 1483 1928 1526 absque

1188 1538 1254 1570 ulla
1289 1536 1351 1569 alia
1382 1535 1563 1568 indictione
1602 1541 1656 1568 aut
1691 1536 1929 1569 convocatione

1189 1589 1394 1628 convenient,
1414 1589 1534 1621 adeout
1560 1599 1672 1621 omnes
1699 1588 1768 1632 ipso
1794 1588 1929 1621 sabbato

1191 1648 1263 1676 ante
1289 1641 1490 1686 praedictam
1517 1641 1713 1673 dominicam
1733 1641 1850 1681 adsint,
1870 1651 1931 1674 nec

1191 1696 1363 1739 quisquam
1389 1700 1463 1727 ante
1483 1694 1594 1726 seriani
1614 1698 1736 1726 sextam
1756 1694 1931 1727 adventare

1190 1753 1389 1792 praesumat.
1410 1747 1613 1780 Prohibitum
1633 1752 1681 1780 est
1702 1757 1742 1780 ne
1768 1747 1799 1779 in
1825 1752 1933 1790 poste-

1192 1812 1262 1833 rum
1280 1801 1316 1833 ad
1336 1800 1476 1843 capitula
1495 1799 1659 1842 generalia
1679 1810 1696 1832 a
1714 1800 1931 1832 conventibus

1193 1856 1391 1898 deputentur
1417 1859 1447 1885 et
1472 1853 1643 1884 mittantur
1667 1853 1820 1885 monachi
1848 1864 1930 1896 quos

1191 1912 1305 1940 vocant
1331 1907 1574 1945 conventuales,
1592 1905 1652 1938 nisi
1679 1906 1710 1938 in
1730 1905 1856 1938 casibus
1877 1905 1930 1949 qui

1194 1961 1272 1993 tanti
1299 1960 1363 1992 sint
1383 1959 1539 1992 momenti
1565 1964 1601 1990 ut
1625 1958 1736 1991 vicarii
1760 1960 1932 2001 generales

1193 2019 1247 2047 aut,
1264 2012 1446 2045 visitatores
1466 2011 1511 2044 sic
1530 2011 1747 2044 ordinandum
1768 2011 1930 2044 duxerint.

1237 2077 1278 2100 lx.
1319 2064 1481 2097 Professio
1515 2064 1669 2106 religiosa
1707 2064 1862 2106 deinceps
1899 2064 1931 2096 in
1953 2076 1998 2105 ‘na
2024 2075 2126 2094 obedian-

1195 2124 1262 2153 toto
1299 2118 1419 2151 Ordine
1456 2128 1515 2161 pro
1552 2117 1688 2159 singulis
1723 2103 2126 2150 monasteriisiliu.''¹‘'“³⁸¹²⁰‘

1194 2172 1359 2206 emittetur
1384 2170 1443 2203 sub
1470 2169 1657 2203 obedientia
1682 2170 1896 2213 superiorum,
1916 2181 1933 2202 a

1195 2236 1335 2270 quorum
1368 2223 1556 2257 obedientia
1590 2223 1651 2255 sub
1688 2233 1726 2256 eo
1763 2228 1932 2266 praetextu

1196 2290 1229 2313 se
1265 2289 1299 2311 se
1335 2277 1547 2311 substrahere
1572 2287 1638 2309 non
1663 2281 1832 2319 poterunt.
1870 2275 1933 2309 Sed

1196 2331 1422 2376 superioribus
1455 2330 1644 2370 maioribus,
1670 2334 1724 2362 aut
1758 2329 1935 2363 visitatori-

1195 2387 1254 2420 bus
1280 2386 1350 2419 sine
1368 2384 1625 2418 contradictione
1645 2383 1933 2427 obtemperabunt,

1196 2451 1269 2473 cum
1301 2439 1379 2482 ipsis
1403 2438 1482 2471 utile
1508 2442 1563 2470 aut
1586 2436 1806 2470 necessarium
1832 2437 1936 2470 visum

1197 2494 1296 2527 fuerit
1321 2503 1377 2525 eos
1403 2492 1531 2524 mittere
1550 2490 1588 2523 ad
1606 2490 1669 2523 alia
1687 2491 1885 2523 monasteria
1902 2491 1936 2523 in

1198 2547 1310 2579 eadem
1335 2543 1523 2588 provincia,
1553 2548 1606 2575 aut
1631 2544 1726 2576 etiam
1746 2548 1833 2576 extra
1852 2553 1936 2576 eam-

1197 2602 1270 2634 dem
1303 2598 1524 2644 provinciam,
1552 2607 1624 2631 cum
1650 2597 1783 2631 abbates
1809 2597 1936 2639 Clunia-
