2254 3225
258 219 308 245 Αη.
330 218 358 244 c.
380 217 444 244 icat
491 207 554 241 606
1028 219 1210 243 nuttxnmu
1233 219 1388 244 ῃωτΑΝνΜ

451 268 635 300 ternitatum
662 272 693 300 et
711 266 1026 308 confraternitatum,
1048 269 1184 312 aliisque

449 320 648 363 quibusvis¹,
672 320 768 353 etiam
792 321 990 360 iuramento,
1015 321 1184 354 confirma-

1973 224 2019 250 Αη.
2037 225 2064 251 C.
2087 225 2151 253 tr9t

1226 269 1389 310 pontificio
1414 270 1500 313 apud
1526 269 1695 303 ecclesiam
1721 270 1751 303 S.
1774 271 1903 304 loannis
1927 272 2062 311 incapaces
2106 288 2153 306 mni

1971 313 2041 332 dotum
2090 316 2154 333 etnam

1225 321 1380 355 Laterano
1406 324 1445 356 de
1470 323 1555 356 Urbe
1581 334 1788 357 erexeramus
1814 330 1845 358 et
1868 326 2116 361 insti-nat..›1.a÷=u.u.

290 1073 352 1093 Fides
377 1075 433 1094 tran·

249 1102 388 1125 sumptorum.

287 2396 315 2416 Ex
344 2401 429 2416 conces·

246 2423 429 2476 pusiil'lflssssllflssi
440 2450 619 2484 pauperum
635 2439 849 2472 invalidorum
869 2440 901 2472 in
919 2440 1041 2483 palatio
1062 2445 1174 2473 nostro

247 2423 305 2442 sione

449 374 538 407 tione
552 374 739 417 apostolica,
755 384 811 407 seu
825 374 938 417 quavis
954 373 1103 407 firmitate
1121 373 1184 407 alia

447 428 618 469 roboratis,
640 427 775 467 statutis,
795 427 924 467 usibus,
942 428 1031 470 stylis
1053 432 1085 459 et
1107 437 1184 459 con-

446 481 685 521 suctudinibus,
700 479 878 523 privilegiis
893 490 1032 522 quoque,
1050 479 1184 512 indultis

446 541 479 568 et
491 534 606 568 litteris
624 533 811 577 apostolicis
831 533 863 565 in
881 532 1077 565 contrarium
1094 543 1185 575 prae-

446 589 619 621 missorum
644 586 892 629 quomodolibet
915 585 1091 625 concessis,
1109 596 1185 618 con-

447 641 581 674 firmatis
615 645 648 673 et
671 638 857 678 innovatis;
884 638 1003 680 quibus
1034 638 1184 671 omnibus

447 699 478 726 et
491 693 639 735 singulis,
658 693 792 725 illorum
813 696 943 724 tenores
960 691 1184 734 praesentibus

446 758 505 790 pro
541 747 637 789 plene
666 750 698 778 et
727 743 928 777 sufficienter
958 745 1121 787 expressis
1147 756 1184 778 ac

447 800 485 832 de
510 799 609 832 verbo
636 799 675 831 ad
699 799 832 831 verbum
862 797 991 830 insertis
1017 798 1182 837 habentes,

444 852 509 885 illis
528 851 607 885 alias
624 851 657 883 in
675 861 735 883 suo
756 851 873 883 robore
892 850 1124 893 permansuris,
1143 851 1182 883 ad

444 904 697 948 praemissorum
715 903 877 942 effectum,
894 903 955 935 hac
975 903 1042 935 vice
1060 904 1183 936 dumta-

444 962 508 997 xat,
531 956 717 1000 specialiter
738 961 771 989 et
792 966 944 998 expresse
970 956 1180 998 derogamus,

444 1011 630 1054 ceterisque
656 1009 826 1043 contrariis
853 1008 1121 1052 quibuscumque.

487 1064 501 1107 ἓ
538 1063 568 1096 5.
606 1063 760 1096 Volumus
792 1067 897 1094 autem
928 1066 963 1094 ut
995 1063 1180 1096 earumdem

442 1116 668 1160 praesentium
682 1116 864 1149 litterarum
885 1115 1106 1158 transumptisv
1123 1127 1179 1149 seu

442 1170 610 1213 exemplis,
635 1169 731 1202 etiam
758 1167 939 1211 impressis,
959 1179 1053 1201 manu
1080 1170 1180 1202 alicu-

440 1223 489 1255 ius
515 1222 632 1256 notarii
659 1222 781 1265 publici
807 1221 1011 1264 subscriptis,
1027 1227 1058 1254 et
1074 1221 1179 1263 sigillo

440 1287 603 1320 personae
629 1277 662 1308 in
688 1275 911 1309 ecclesiastica
929 1275 1086 1317 dignitate
1103 1286 1180 1308 con-

441 1330 572 1363 stitutae
597 1329 742 1369 munitis,
768 1329 879 1362 eadem
898 1338 1030 1371 prorsus
1050 1328 1130 1361 fides
1145 1329 1177 1361 in

440 1383 561 1416 iudicio
591 1389 623 1416 et
659 1388 748 1415 extra
784 1382 864 1414 illud
896 1381 1066 1422 habeatur,
1094 1392 1177 1424 quae

439 1435 518 1479 ipsis
544 1435 771 1478 praesentibus
796 1434 974 1467 haberetur
1010 1434 1035 1466 si
1072 1434 1179 1467 forent

441 1488 606 1521 exhibitae
632 1489 681 1521 vel
706 1492 868 1520 ostensae.

483 1540 632 1585 Ceterum
672 1551 737 1573 non
770 1539 965 1572 intendimus
1000 1549 1058 1582 per
1094 1540 1177 1583 ipsas

439 1598 628 1637 praesentes
655 1584 778 1625 litteras
804 1592 1023 1635 supradictum
1053 1603 1178 1626 conscr-

438 1646 595 1679 vatoriuni
622 1646 653 1678 in
678 1645 788 1688 aliquo
814 1645 1010 1688 approbare.

482 1699 596 1732 Datum
621 1699 750 1737 Romae,
774 1698 856 1741 apud
874 1697 905 1730 S.
929 1698 1058 1730 Mariam
1084 1699 1178 1732 Maio-

437 1763 523 1792 rem,
551 1751 608 1784 sub
634 1752 755 1784 annulo
776 1751 961 1791 piscatoris,
976 1752 1029 1784 die
1048 1762 1080 1784 vt
1096 1763 1178 1785 mar-

440 1804 474 1837 tii
491 1814 638 1844 uncxciv,
661 1803 870 1847 pontificatus
889 1804 993 1836 nostri
1018 1814 1104 1837 anno
1126 1815 1174 1838 111.

474 1867 535 1893 Dat.
551 1865 594 1892 die
609 1866 625 1893 6
644 1866 734 1893 martii
756 1866 833 1898 1694,
852 1865 949 1900 pontis.
971 1874 1042 1893 anno
1057 1873 1096 1893 ιιι.

723 1981 881 2014 LXXXIV.

437 2051 664 2095 Assiqnantur
686 2051 808 2094 puellis
833 2051 970 2095 hospitii
992 2061 1175 2096 pauperum

481 2104 704 2137 invalidorum
724 2104 761 2137 dc
787 2104 867 2137 Urbe
887 2104 1008 2147 vissinli'
1027 2105 1175 2137 subsidia

481 2157 607 2190 (letalia
635 2168 674 2190 ex
699 2158 1062 2199 archiconsrcttrrm'latc
1099 2159 1175 2191 An-

482 2212 708 2244 nuncialiom’s
721 2211 760 2244 B.
784 2211 828 2243 M.
855 2210 888 2243 V.
908 2211 929 2243 ².

621 2282 817 2309 Innocentius
838 2282 915 2315 Papa
935 2282 997 2314 XII,

552 2327 588 2353 ad
609 2330 786 2359 perpetuam
807 2328 852 2354 rei
872 2327 1055 2353 memoriam.

484 2387 498 2431 ἓ
523 2386 554 2420 1.
581 2387 667 2419 Alias
693 2397 772 2427 nos,
797 2393 969 2430 postquam
995 2387 1174 2430 hospitium

476 2521 486 2545 t
511 2519 581 2545 Edit.
603 2519 685 2545 Maiu.
707 2519 771 2553 legit
790 2520 892 2554 (suibus
911 2522 947 2551 (ti.
969 2522 1017 2552 Τ.).

476 2565 491 2589 2
512 2564 578 2590 Vide
599 2567 686 2590 coust.
713 2572 802 2598 praec.
825 2568 849 2591 et
869 2568 954 2591 coust.
976 2565 1019 2591 est.
1041 2572 1173 2599 istncxciu,

441 2609 484 2636 die
503 2609 536 2635 ⁵23
558 2608 630 2640 mitti,
654 2608 745 2643 pontif.
768 2614 794 2634 tl.

1225 380 1397 415 ineramus,
1420 376 1579 420 inibique,
1606 377 1640 410 in
1660 378 1882 412 mansionibus
1919 378 1958 412 ab

1226 427 1281 468 eis,
1303 438 1383 471 quae
1401 434 1474 461 sunt
1489 429 1643 470 virorum,
1657 431 1785 472 penitus
1803 431 1959 465 seiunctis

1226 485 1258 512 et
1292 481 1449 524 separatis
1468 509 1475 521 ,
1508 482 1604 515 etiam
1628 493 1789 525 pauperes
1813 486 1959 527 puellas,

1226 534 1366 566 tuendae
1402 534 1604 576 potissimum
1634 545 1743 567 earum
1779 536 1961 570 honestatis

1226 585 1348 627 gratia,
1374 587 1669 627 collocaveramus,
1695 599 1734 621 ne
1759 589 1835 622 illae
1851 617 1858 630 ,
1882 601 1962 633 quas

1226 644 1390 682 tamquam
1417 650 1494 682 prae
1519 641 1636 673 ceteris
1664 641 1779 685 inopes
1805 652 1841 675 ac
1865 643 1962 676 mise-

1225 692 1344 725 rabiles
1380 693 1532 735 omnique
1561 704 1696 737 prorsus
1731 695 1871 729 humana
1899 707 1961 739 ope

1226 744 1395 777 destitutas
1416 745 1447 777 in
1462 746 1545 778 idem
1561 746 1735 789 hospitium
1757 747 1857 790 recipi
1875 758 1962 780 man-

1225 797 1425 838 daveramus,
1451 803 1505 830 aut
1529 798 1610 831 aliae
1628 809 1851 843 quaecumque
1873 800 1906 833 in
1923 800 1962 834 il·

1226 850 1279 882 lud
1300 861 1360 893 pro
1379 856 1526 893 tempore
1552 851 1759 894 recipiendae
1784 853 1923 895 puellae,
1943 864 1961 886 a

1224 904 1461 946 consequendis
1496 904 1647 937 subsidiis
1678 906 1851 946 dotalibus,
1877 917 1960 949 quae

1223 966 1281 998 per
1294 956 1655 996 arciconsraternitates,
1665 959 1961 999 confraternitates,

1223 1009 1349 1053 aliaque
1373 1011 1444 1043 loca
1469 1010 1522 1052 pia
1547 1015 1578 1042 et
1603 1021 1759 1053 personas
1779 1012 1883 1045 dictae
1902 1012 1960 1045 Ur-

1223 1062 1271 1094 bis
1297 1062 1445 1095 distribui
1471 1064 1592 1103 solent,
1616 1064 1875 1105 excluderentur,
1895 1075 1961 1097 eas-

1223 1115 1296 1147 dem
1329 1120 1404 1148 tunc
1435 1121 1467 1148 et
1497 1126 1557 1158 pro
1596 1122 1742 1160 tempore
1782 1118 1959 1151 existentes

1222 1168 1355 1211 hospitii
1381 1169 1556 1211 supradicti
1583 1171 1711 1213 puellas
1743 1171 1782 1204 ad
1815 1171 1961 1204 subsidia

1222 1222 1340 1254 dotalia
1362 1222 1544 1255 huiusmodi
1571 1223 1665 1256 etiam
1699 1224 1876 1257 nationalia
1901 1225 1960 1257 ob-

1222 1275 1372 1315 tinenda,
1399 1276 1542 1316 tametsi,
1573 1276 1661 1309 iuxta
1687 1277 1959 1318 consuetudines,

1221 1338 1295 1360 usus
1322 1333 1354 1360 et
1377 1321 1496 1360 statuta
1520 1330 1651 1372 quaevis
1685 1330 1960 1363 archiconfrater-

1221 1380 1365 1420 nitatum,
1382 1382 1695 1423 confraternitatum,
1714 1388 1744 1415 et
1761 1383 1896 1416 aliorum
1915 1385 1960 1417 lo-

1221 1444 1330 1466 corum
1343 1434 1469 1476 piorum
1488 1436 1703 1477 praelatorum
1721 1436 1785 1469 sive
1804 1447 1957 1480 quorum-

1221 1497 1359 1529 cumque
1375 1493 1563 1520 testatorum
1578 1494 1609 1520 et
1623 1488 1750 1532 piorum
1763 1490 1957 1532 largitorum

1221 1540 1274 1582 qui
1293 1541 1405 1572 eadem
1424 1540 1568 1573 subsidia
1587 1543 1744 1584 praestari
1766 1543 1960 1576 ordinarunt

1221 1593 1475 1636 dispositiones,
1503 1593 1704 1636 qualificatac
1729 1606 1795 1628 non
1822 1602 1954 1637 essent,

1220 1656 1274 1678 scu
1289 1646 1367 1678 alias
1388 1647 1596 1689 praescriptis
1610 1649 1778 1691 requisitis
1797 1655 1958 1690 carerent,

1220 1698 1279 1730 suh
1305 1698 1401 1731 certis
1427 1699 1523 1731 modo
1549 1705 1580 1732 et
1606 1700 1706 1733 forma
1732 1706 1806 1735 tunc
1832 1712 1957 1745 expres-

1220 1751 1274 1791 sis,
1291 1751 1544 1790 habilitavimus,
1562 1763 1598 1785 ac
1623 1753 1748 1786 habiles
1774 1759 1805 1787 ct
1822 1765 1957 1797 capaces

1220 1805 1352 1837 fecimus
1379 1810 1411 1837 et
1436 1806 1678 1847 declarat-intus,
1701 1813 1733 1840 et
1757 1808 1845 1846 alifis,
1861 1813 1957 1850 prout

1219 1858 1251 1890 in
1277 1858 1395 1891 nostris
1422 1859 1754 1894 annolucarnationis
1772 1862 1956 1895 dominicae

1219 1921 1372 1950 Mucxcnt,
1398 1922 1454 1944 xnt
1474 1912 1626 1945 kalendas
1644 1913 1735 1952 iunii,
1752 1914 1956 1957 pontificatus

1219 1965 1320 1997 nostri
1345 1975 1429 1997 anno
1455 1975 1477 1998 ιι
1502 1966 1560 1997 sul)
1586 1967 1719 2008 plumbo
1746 1967 1887 2010 desuper
1903 1977 1956 2000 ex-

1218 2017 1336 2059 peditis
1360 2017 1488 2057 titteris,
1526 2029 1659 2061 quarum
1691 2024 1836 2052 tenorem
1861 2029 1956 2063 prae-

1218 2070 1363 2103 sentibus
1381 2081 1439 2113 pro
1458 2072 1553 2113 plene
1569 2077 1600 2104 ct
1616 2072 1813 2105 sufficienter
1829 2083 1956 2116 expres-

1218 2123 1259 2156 sis
1286 2134 1322 2156 ac
1348 2123 1386 2155 de
1411 2123 1509 2156 verbo
1531 2124 1569 2156 ad
1589 2125 1721 2157 verbum
1747 2125 1870 2158 inserto
1899 2125 1956 2158 ha-

1218 2176 1286 2209 beri
1311 2177 1470 2216 volumus,
1496 2176 1628 2208 uberius
1653 2177 1848 2210 continetur.

1262 2229 1324 2272 5⁶2.
1345 2228 1435 2261 Nunc
1454 2234 1558 2261 nutem
1575 2240 1643 2270 nos,
1659 2230 1791 2263 dilectas
1812 2231 1845 2263 in
1862 2231 1955 2265 Chri-

1218 2335 1376 2378 plioribus
1401 2336 1562 2368 favoribus
1589 2340 1621 2368 ct
1655 2336 1766 2378 gratiis
1798 2347 1952 2379 prosequi

1218 2390 1371 2427 volentes,
1398 2394 1430 2420 et
1454 2399 1563 2421 carum
1589 2389 1770 2430 singulares
1796 2400 1953 2432 personas

1195 2474 1198 2483 ,
1218 2454 1234 2475 :i
1260 2442 1426 2485 quibusvis
1448 2441 1801 2482 excommunicationis,
1820 2453 1954 2485 suspen-

1195 2485 1198 2535 Ι
1218 2495 1317 2528 sionis
1333 2501 1364 2527 et
1381 2494 1552 2533 interdicti,
1571 2494 1709 2537 aliisque
1727 2495 1953 2528 ecclesiasticis

1195 2539 1198 2586 i
1219 2548 1401 2587 sententiis,
1418 2547 1563 2579 censuris
1584 2552 1615 2579 et
1636 2547 1759 2590 poenis,
1779 2558 1795 2580 a
1815 2547 1885 2580 iure
1903 2549 1952 2581 vel

1194 2588 1256 2638 lab
1282 2599 1420 2637 homine,
1448 2599 1558 2641 quavis
1584 2600 1757 2633 occasione
1783 2601 1832 2633 vel
1857 2602 1952 2633 causa

2030 2239 2146 2263 Autumno

1975 2266 2132 2290 praedictarum

1218 2288 1266 2315 sto
1284 2281 1365 2314 silias
1384 2282 1516 2324 hospitii
1537 2283 1721 2315 huiusmodi
1744 2284 1870 2326 puellas
1889 2294 1954 2316 am·
1964 2291 2034 2311 dotum

1945 2337 1951 2342 —
1964 2323 2047 2343 propi-iu
2063 2318 2096 2338 sar
2121 2333 2126 2338 .

2090 2295 2146 2312 muln
