<?xml version="1.0" encoding="UTF-8"?>
<!DOCTYPE html PUBLIC "-//W3C//DTD XHTML 1.0 Transitional//EN"
    "http://www.w3.org/TR/xhtml1/DTD/xhtml1-transitional.dtd">
<html xmlns="http://www.w3.org/1999/xhtml" xml:lang="en" lang="en">
 <head>
  <title>
</title>
<meta http-equiv="Content-Type" content="text/html;charset=utf-8" />
  <meta name='ocr-system' content='tesseract 3.04.00' />
  <meta name='ocr-capabilities' content='ocr_page ocr_carea ocr_par ocr_line ocrx_word'/>
</head>
<body>
  <div class='ocr_page' id='page_1' title='image "./bullarumdiplomat20cath_0906.png"; bbox 0 0 2254 3225; ppageno 0'>
   <div class='ocr_carea' id='block_1_1' title="bbox 471 243 535 278">
    <p class='ocr_par' dir='ltr' id='par_1_1' title="bbox 471 243 535 278">
     <span class='ocr_line' id='line_1_1' title="bbox 471 243 535 278; baseline -0.047 0"><span class='ocrx_word' id='word_1_1' title='bbox 471 243 535 278; x_wconf 69' lang='lat' dir='ltr'>82ss</span> 
     </span>
    </p>
   </div>
   <div class='ocr_carea' id='block_1_2' title="bbox 246 301 1181 2267">
    <p class='ocr_par' dir='ltr' id='par_1_2' title="bbox 246 301 1181 2267">
     <span class='ocr_line' id='line_1_2' title="bbox 428 301 1170 346; baseline -0.005 -10"><span class='ocrx_word' id='word_1_2' title='bbox 428 302 590 336; x_wconf 86' lang='lat' dir='ltr'>statuendi</span> <span class='ocrx_word' id='word_1_3' title='bbox 618 307 649 336; x_wconf 84' lang='lat' dir='ltr'>et</span> <span class='ocrx_word' id='word_1_4' title='bbox 675 301 874 346; x_wconf 81' lang='lat' dir='ltr'>exequendi,</span> <span class='ocrx_word' id='word_1_5' title='bbox 912 311 995 345; x_wconf 86' lang='lat' dir='ltr'>quae</span> <span class='ocrx_word' id='word_1_6' title='bbox 1020 301 1059 334; x_wconf 91' lang='lat' dir='ltr'>ad</span> <span class='ocrx_word' id='word_1_7' title='bbox 1086 310 1170 333; x_wconf 84' lang='lat' dir='ltr'>eam-</span> 
     </span>
     <span class='ocr_line' id='line_1_3' title="bbox 429 354 1171 400; baseline -0.005 -10"><span class='ocrx_word' id='word_1_8' title='bbox 429 356 503 390; x_wconf 88' lang='lat' dir='ltr'>dem</span> <span class='ocrx_word' id='word_1_9' title='bbox 529 356 738 400; x_wconf 80' lang='lat' dir='ltr'>disciplinam</span> <span class='ocrx_word' id='word_1_10' title='bbox 775 356 959 398; x_wconf 74' lang='lat' dir='ltr'>regularem</span> <span class='ocrx_word' id='word_1_11' title='bbox 996 354 1171 388; x_wconf 84' lang='lat' dir='ltr'>efficaciter</span> 
     </span>
     <span class='ocr_line' id='line_1_4' title="bbox 428 406 1169 451; baseline -0.007 -7"><span class='ocrx_word' id='word_1_12' title='bbox 428 411 657 444; x_wconf 71' lang='lat' dir='ltr'>stabiliendam</span> <span class='ocrx_word' id='word_1_13' title='bbox 682 406 748 443; x_wconf 80' lang='lat' dir='ltr'>sive</span> <span class='ocrx_word' id='word_1_14' title='bbox 775 409 1008 442; x_wconf 86' lang='lat' dir='ltr'>restituendam</span> <span class='ocrx_word' id='word_1_15' title='bbox 1035 418 1169 451; x_wconf 90' lang='lat' dir='ltr'>quomo-</span> 
     </span>
     <span class='ocr_line' id='line_1_5' title="bbox 429 460 1171 508; baseline -0.007 -10"><span class='ocrx_word' id='word_1_16' title='bbox 429 464 553 498; x_wconf 86' lang='lat' dir='ltr'>dolibet</span> <span class='ocrx_word' id='word_1_17' title='bbox 567 463 732 508; x_wconf 86' lang='lat' dir='ltr'>pertinere</span> <span class='ocrx_word' id='word_1_18' title='bbox 754 465 899 506; x_wconf 81' lang='lat' dir='ltr'>possunt,</span> <span class='ocrx_word' id='word_1_19' title='bbox 918 467 949 495; x_wconf 88' lang='lat' dir='ltr'>et</span> <span class='ocrx_word' id='word_1_20' title='bbox 970 462 1001 494; x_wconf 94' lang='lat' dir='ltr'>in</span> <span class='ocrx_word' id='word_1_21' title='bbox 1019 460 1171 504; x_wconf 86' lang='lat' dir='ltr'>praemis-</span> 
     </span>
     <span class='ocr_line' id='line_1_6' title="bbox 430 514 1170 559; baseline -0.008 -7"><span class='ocrx_word' id='word_1_22' title='bbox 430 519 474 552; x_wconf 81' lang='lat' dir='ltr'>sis</span> <span class='ocrx_word' id='word_1_23' title='bbox 501 518 652 552; x_wconf 88' lang='lat' dir='ltr'>omnibus</span> <span class='ocrx_word' id='word_1_24' title='bbox 679 517 774 550; x_wconf 89' lang='lat' dir='ltr'>etiam</span> <span class='ocrx_word' id='word_1_25' title='bbox 812 515 927 559; x_wconf 87' lang='lat' dir='ltr'>poenis</span> <span class='ocrx_word' id='word_1_26' title='bbox 966 520 998 548; x_wconf 90' lang='lat' dir='ltr'>et</span> <span class='ocrx_word' id='word_1_27' title='bbox 1022 514 1170 547; x_wconf 78' lang='lat' dir='ltr'>censuris</span> 
     </span>
     <span class='ocr_line' id='line_1_7' title="bbox 430 567 1170 614; baseline -0.011 -9"><span class='ocrx_word' id='word_1_28' title='bbox 430 570 658 605; x_wconf 83' lang='lat' dir='ltr'>ecclesiasticis</span> <span class='ocrx_word' id='word_1_29' title='bbox 672 568 888 614; x_wconf 82' lang='lat' dir='ltr'>procedendi.</span> <span class='ocrx_word' id='word_1_30' title='bbox 907 568 1056 601; x_wconf 86' lang='lat' dir='ltr'>Ceterum</span> <span class='ocrx_word' id='word_1_31' title='bbox 1071 567 1170 610; x_wconf 87' lang='lat' dir='ltr'>(quia,</span> 
     </span>
     <span class='ocr_line' id='line_1_8' title="bbox 430 619 1173 659; baseline -0.011 0"><span class='ocrx_word' id='word_1_32' title='bbox 430 625 522 659; x_wconf 88' lang='lat' dir='ltr'>sicuti</span> <span class='ocrx_word' id='word_1_33' title='bbox 549 625 781 658; x_wconf 90' lang='lat' dir='ltr'>nonnullorum</span> <span class='ocrx_word' id='word_1_34' title='bbox 818 622 1038 654; x_wconf 86' lang='lat' dir='ltr'>Romanorum</span> <span class='ocrx_word' id='word_1_35' title='bbox 1064 619 1173 652; x_wconf 82' lang='lat' dir='ltr'>Ponti-</span> 
     </span>
     <span class='ocr_line' id='line_1_9' title="bbox 429 674 1171 722; baseline -0.011 -10"><span class='ocrx_word' id='word_1_36' title='bbox 429 680 524 712; x_wconf 81' lang='lat' dir='ltr'>ficum</span> <span class='ocrx_word' id='word_1_37' title='bbox 549 678 838 722; x_wconf 82' lang='lat' dir='ltr'>praedecessorum</span> <span class='ocrx_word' id='word_1_38' title='bbox 864 674 960 708; x_wconf 88' lang='lat' dir='ltr'>etiam</span> <span class='ocrx_word' id='word_1_39' title='bbox 983 678 1171 706; x_wconf 88' lang='lat' dir='ltr'>nostrorum</span> 
     </span>
     <span class='ocr_line' id='line_1_10' title="bbox 429 726 1172 774; baseline -0.009 -9"><span class='ocrx_word' id='word_1_40' title='bbox 429 732 574 774; x_wconf 77' lang='lat' dir='ltr'>vestigiis</span> <span class='ocrx_word' id='word_1_41' title='bbox 600 731 818 768; x_wconf 85' lang='lat' dir='ltr'>inhaerentes,</span> <span class='ocrx_word' id='word_1_42' title='bbox 841 728 1047 771; x_wconf 75' lang='lat' dir='ltr'>regularibus</span> <span class='ocrx_word' id='word_1_43' title='bbox 1064 726 1172 759; x_wconf 89' lang='lat' dir='ltr'>ltaliae</span> 
     </span>
     <span class='ocr_line' id='line_1_11' title="bbox 430 778 1173 827; baseline -0.011 -9"><span class='ocrx_word' id='word_1_44' title='bbox 430 785 674 827; x_wconf 82' lang='lat' dir='ltr'>insularumque</span> <span class='ocrx_word' id='word_1_45' title='bbox 694 781 923 821; x_wconf 90' lang='lat' dir='ltr'>adiacentium,</span> <span class='ocrx_word' id='word_1_46' title='bbox 942 785 1056 824; x_wconf 87' lang='lat' dir='ltr'>utpote</span> <span class='ocrx_word' id='word_1_47' title='bbox 1078 778 1173 811; x_wconf 89' lang='lat' dir='ltr'>nobis</span> 
     </span>
     <span class='ocr_line' id='line_1_12' title="bbox 431 833 1174 883; baseline -0.011 -11"><span class='ocrx_word' id='word_1_48' title='bbox 431 837 656 883; x_wconf 77' lang='lat' dir='ltr'>propioribus,</span> <span class='ocrx_word' id='word_1_49' title='bbox 684 847 720 869; x_wconf 89' lang='lat' dir='ltr'>ac</span> <span class='ocrx_word' id='word_1_50' title='bbox 744 836 843 868; x_wconf 83' lang='lat' dir='ltr'>veluti</span> <span class='ocrx_word' id='word_1_51' title='bbox 875 839 949 867; x_wconf 89' lang='lat' dir='ltr'>ante</span> <span class='ocrx_word' id='word_1_52' title='bbox 976 834 1090 866; x_wconf 90' lang='lat' dir='ltr'>oculos</span> <span class='ocrx_word' id='word_1_53' title='bbox 1116 833 1174 864; x_wconf 87' lang='lat' dir='ltr'>hu-</span> 
     </span>
     <span class='ocr_line' id='line_1_13' title="bbox 431 887 1172 929; baseline -0.009 -4"><span class='ocrx_word' id='word_1_54' title='bbox 431 893 482 925; x_wconf 92' lang='lat' dir='ltr'>ius</span> <span class='ocrx_word' id='word_1_55' title='bbox 507 892 641 925; x_wconf 87' lang='lat' dir='ltr'>Sanctae</span> <span class='ocrx_word' id='word_1_56' title='bbox 671 889 762 923; x_wconf 82' lang='lat' dir='ltr'>Sedis</span> <span class='ocrx_word' id='word_1_57' title='bbox 798 887 992 927; x_wconf 88' lang='lat' dir='ltr'>constitutis,</span> <span class='ocrx_word' id='word_1_58' title='bbox 1025 895 1172 929; x_wconf 86' lang='lat' dir='ltr'>quosque</span> 
     </span>
     <span class='ocr_line' id='line_1_14' title="bbox 431 941 1173 990; baseline -0.011 -11"><span class='ocrx_word' id='word_1_59' title='bbox 431 946 570 990; x_wconf 82' lang='lat' dir='ltr'>proinde</span> <span class='ocrx_word' id='word_1_60' title='bbox 596 944 712 977; x_wconf 88' lang='lat' dir='ltr'>ceteris</span> <span class='ocrx_word' id='word_1_61' title='bbox 739 943 917 985; x_wconf 79' lang='lat' dir='ltr'>religiosae</span> <span class='ocrx_word' id='word_1_62' title='bbox 950 941 1034 973; x_wconf 83' lang='lat' dir='ltr'>vitae</span> <span class='ocrx_word' id='word_1_63' title='bbox 1066 950 1173 972; x_wconf 79' lang='lat' dir='ltr'>exem-</span> 
     </span>
     <span class='ocr_line' id='line_1_15' title="bbox 431 992 1174 1043; baseline -0.012 -10"><span class='ocrx_word' id='word_1_64' title='bbox 431 1001 485 1043; x_wconf 88' lang='lat' dir='ltr'>plo</span> <span class='ocrx_word' id='word_1_65' title='bbox 511 999 700 1042; x_wconf 77' lang='lat' dir='ltr'>praelucere</span> <span class='ocrx_word' id='word_1_66' title='bbox 737 996 873 1029; x_wconf 72' lang='lat' dir='ltr'>maxime</span> <span class='ocrx_word' id='word_1_67' title='bbox 910 995 1015 1034; x_wconf 87' lang='lat' dir='ltr'>decet,</span> <span class='ocrx_word' id='word_1_68' title='bbox 1052 992 1174 1036; x_wconf 87' lang='lat' dir='ltr'>praeci-</span> 
     </span>
     <span class='ocr_line' id='line_1_16' title="bbox 431 1047 1173 1097; baseline -0.007 -14"><span class='ocrx_word' id='word_1_69' title='bbox 431 1064 528 1097; x_wconf 85' lang='lat' dir='ltr'>puam</span> <span class='ocrx_word' id='word_1_70' title='bbox 555 1051 728 1095; x_wconf 89' lang='lat' dir='ltr'>quamdam</span> <span class='ocrx_word' id='word_1_71' title='bbox 756 1048 926 1093; x_wconf 85' lang='lat' dir='ltr'>apostolici</span> <span class='ocrx_word' id='word_1_72' title='bbox 953 1047 1098 1080; x_wconf 88' lang='lat' dir='ltr'>muneris</span> <span class='ocrx_word' id='word_1_73' title='bbox 1121 1057 1173 1079; x_wconf 89' lang='lat' dir='ltr'>no-</span> 
     </span>
     <span class='ocr_line' id='line_1_17' title="bbox 432 1101 1173 1146; baseline -0.009 -7"><span class='ocrx_word' id='word_1_74' title='bbox 432 1106 488 1139; x_wconf 81' lang='lat' dir='ltr'>stri</span> <span class='ocrx_word' id='word_1_75' title='bbox 519 1104 775 1139; x_wconf 85' lang='lat' dir='ltr'>sollicitudinem</span> <span class='ocrx_word' id='word_1_76' title='bbox 813 1101 1066 1146; x_wconf 84' lang='lat' dir='ltr'>impendendam</span> <span class='ocrx_word' id='word_1_77' title='bbox 1103 1110 1173 1132; x_wconf 84' lang='lat' dir='ltr'>esse</span> 
     </span>
     <span class='ocr_line' id='line_1_18' title="bbox 432 1153 1174 1199; baseline -0.009 -7"><span class='ocrx_word' id='word_1_78' title='bbox 432 1159 591 1198; x_wconf 83' lang='lat' dir='ltr'>duximus,</span> <span class='ocrx_word' id='word_1_79' title='bbox 619 1158 663 1190; x_wconf 90' lang='lat' dir='ltr'>ita</span> <span class='ocrx_word' id='word_1_80' title='bbox 688 1157 833 1199; x_wconf 86' lang='lat' dir='ltr'>reliquos</span> <span class='ocrx_word' id='word_1_81' title='bbox 859 1165 972 1189; x_wconf 88' lang='lat' dir='ltr'>omnes</span> <span class='ocrx_word' id='word_1_82' title='bbox 1004 1153 1174 1196; x_wconf 78' lang='lat' dir='ltr'>religiosos</span> 
     </span>
     <span class='ocr_line' id='line_1_19' title="bbox 432 1210 1175 1251; baseline -0.007 -7"><span class='ocrx_word' id='word_1_83' title='bbox 432 1213 516 1246; x_wconf 70' lang='lat' dir='ltr'>viros</span> <span class='ocrx_word' id='word_1_84' title='bbox 542 1217 608 1244; x_wconf 88' lang='lat' dir='ltr'>toto</span> <span class='ocrx_word' id='word_1_85' title='bbox 634 1211 712 1244; x_wconf 89' lang='lat' dir='ltr'>orbe</span> <span class='ocrx_word' id='word_1_86' title='bbox 733 1210 867 1243; x_wconf 80' lang='lat' dir='ltr'>ditfusos</span> <span class='ocrx_word' id='word_1_87' title='bbox 884 1214 1079 1251; x_wconf 70' lang='lat' dir='ltr'>nostraeque</span> <span class='ocrx_word' id='word_1_88' title='bbox 1101 1217 1175 1250; x_wconf 88' lang='lat' dir='ltr'>spc-</span> 
     </span>
     <span class='ocr_line' id='line_1_20' title="bbox 434 1262 1176 1304; baseline -0.008 -5"><span class='ocrx_word' id='word_1_89' title='bbox 434 1266 508 1299; x_wconf 87' lang='lat' dir='ltr'>eiali</span> <span class='ocrx_word' id='word_1_90' title='bbox 534 1276 630 1299; x_wconf 89' lang='lat' dir='ltr'>curae</span> <span class='ocrx_word' id='word_1_91' title='bbox 656 1264 820 1297; x_wconf 89' lang='lat' dir='ltr'>subiectos</span> <span class='ocrx_word' id='word_1_92' title='bbox 848 1262 981 1296; x_wconf 90' lang='lat' dir='ltr'>minime</span> <span class='ocrx_word' id='word_1_93' title='bbox 1006 1262 1176 1304; x_wconf 77' lang='lat' dir='ltr'>negligen-</span> 
     </span>
     <span class='ocr_line' id='line_1_21' title="bbox 435 1315 1175 1362; baseline -0.008 -10"><span class='ocrx_word' id='word_1_94' title='bbox 435 1321 494 1353; x_wconf 84' lang='lat' dir='ltr'>dos</span> <span class='ocrx_word' id='word_1_95' title='bbox 518 1324 683 1362; x_wconf 87' lang='lat' dir='ltr'>putamus,</span> <span class='ocrx_word' id='word_1_96' title='bbox 712 1323 774 1350; x_wconf 89' lang='lat' dir='ltr'>tam</span> <span class='ocrx_word' id='word_1_97' title='bbox 801 1316 887 1350; x_wconf 87' lang='lat' dir='ltr'>enim</span> <span class='ocrx_word' id='word_1_98' title='bbox 912 1316 961 1355; x_wconf 92' lang='lat' dir='ltr'>iis,</span> <span class='ocrx_word' id='word_1_99' title='bbox 987 1315 1042 1359; x_wconf 87' lang='lat' dir='ltr'>qui</span> <span class='ocrx_word' id='word_1_100' title='bbox 1065 1316 1175 1357; x_wconf 76' lang='lat' dir='ltr'>longe,</span> 
     </span>
     <span class='ocr_line' id='line_1_22' title="bbox 436 1367 1177 1416; baseline -0.009 -10"><span class='ocrx_word' id='word_1_101' title='bbox 436 1383 531 1416; x_wconf 89' lang='lat' dir='ltr'>quam</span> <span class='ocrx_word' id='word_1_102' title='bbox 557 1372 632 1411; x_wconf 87' lang='lat' dir='ltr'>illis,</span> <span class='ocrx_word' id='word_1_103' title='bbox 665 1371 719 1414; x_wconf 88' lang='lat' dir='ltr'>qui</span> <span class='ocrx_word' id='word_1_104' title='bbox 751 1380 855 1414; x_wconf 85' lang='lat' dir='ltr'>prope</span> <span class='ocrx_word' id='word_1_105' title='bbox 892 1374 983 1408; x_wconf 91' lang='lat' dir='ltr'>sunt,</span> <span class='ocrx_word' id='word_1_106' title='bbox 1011 1367 1177 1401; x_wconf 74' lang='lat' dir='ltr'>debitores</span> 
     </span>
     <span class='ocr_line' id='line_1_23' title="bbox 436 1423 1176 1466; baseline -0.008 -7"><span class='ocrx_word' id='word_1_107' title='bbox 436 1437 495 1459; x_wconf 86' lang='lat' dir='ltr'>nos</span> <span class='ocrx_word' id='word_1_108' title='bbox 514 1436 583 1459; x_wconf 83' lang='lat' dir='ltr'>esse</span> <span class='ocrx_word' id='word_1_109' title='bbox 603 1424 843 1466; x_wconf 70' lang='lat' dir='ltr'>cognoscimus)</span> <span class='ocrx_word' id='word_1_110' title='bbox 858 1423 1042 1456; x_wconf 88' lang='lat' dir='ltr'>earumdem</span> <span class='ocrx_word' id='word_1_111' title='bbox 1064 1427 1176 1454; x_wconf 88' lang='lat' dir='ltr'>tenore</span> 
     </span>
     <span class='ocr_line' id='line_1_24' title="bbox 437 1475 1178 1523; baseline -0.004 -13"><span class='ocrx_word' id='word_1_112' title='bbox 437 1478 656 1523; x_wconf 82' lang='lat' dir='ltr'>praesentium</span> <span class='ocrx_word' id='word_1_113' title='bbox 683 1477 904 1520; x_wconf 87' lang='lat' dir='ltr'>praecipimus</span> <span class='ocrx_word' id='word_1_114' title='bbox 930 1481 960 1508; x_wconf 91' lang='lat' dir='ltr'>et</span> <span class='ocrx_word' id='word_1_115' title='bbox 984 1475 1178 1508; x_wconf 87' lang='lat' dir='ltr'>mandamus</span> 
     </span>
     <span class='ocr_line' id='line_1_25' title="bbox 439 1527 1179 1575; baseline -0.005 -11"><span class='ocrx_word' id='word_1_116' title='bbox 439 1531 486 1564; x_wconf 81' lang='lat' dir='ltr'>ct¹</span> <span class='ocrx_word' id='word_1_117' title='bbox 505 1531 716 1575; x_wconf 86' lang='lat' dir='ltr'>praecipuum</span> <span class='ocrx_word' id='word_1_118' title='bbox 736 1541 771 1562; x_wconf 85' lang='lat' dir='ltr'>ac</span> <span class='ocrx_word' id='word_1_119' title='bbox 789 1529 957 1573; x_wconf 78' lang='lat' dir='ltr'>peculiare</span> <span class='ocrx_word' id='word_1_120' title='bbox 977 1528 1081 1561; x_wconf 89' lang='lat' dir='ltr'>dictae</span> <span class='ocrx_word' id='word_1_121' title='bbox 1102 1527 1179 1560; x_wconf 89' lang='lat' dir='ltr'>Con-</span> 
     </span>
     <span class='ocr_line' id='line_1_26' title="bbox 439 1582 1180 1629; baseline -0.007 -11"><span class='ocrx_word' id='word_1_122' title='bbox 439 1584 638 1629; x_wconf 76' lang='lat' dir='ltr'>gregationis</span> <span class='ocrx_word' id='word_1_123' title='bbox 664 1594 780 1616; x_wconf 89' lang='lat' dir='ltr'>munus</span> <span class='ocrx_word' id='word_1_124' title='bbox 806 1588 836 1616; x_wconf 90' lang='lat' dir='ltr'>et</span> <span class='ocrx_word' id='word_1_125' title='bbox 861 1593 939 1629; x_wconf 84' lang='lat' dir='ltr'>cura</span> <span class='ocrx_word' id='word_1_126' title='bbox 964 1582 1004 1614; x_wconf 91' lang='lat' dir='ltr'>sit</span> <span class='ocrx_word' id='word_1_127' title='bbox 1028 1582 1121 1614; x_wconf 85' lang='lat' dir='ltr'>nobis</span> <span class='ocrx_word' id='word_1_128' title='bbox 1144 1591 1180 1614; x_wconf 91' lang='lat' dir='ltr'>ac</span> 
     </span>
     <span class='ocr_line' id='line_1_27' title="bbox 438 1635 1177 1684; baseline -0.007 -12"><span class='ocrx_word' id='word_1_129' title='bbox 438 1650 498 1684; x_wconf 91' lang='lat' dir='ltr'>pro</span> <span class='ocrx_word' id='word_1_130' title='bbox 526 1645 674 1682; x_wconf 85' lang='lat' dir='ltr'>tempore</span> <span class='ocrx_word' id='word_1_131' title='bbox 696 1637 844 1670; x_wconf 82' lang='lat' dir='ltr'>existenti</span> <span class='ocrx_word' id='word_1_132' title='bbox 863 1637 1007 1670; x_wconf 86' lang='lat' dir='ltr'>Romano</span> <span class='ocrx_word' id='word_1_133' title='bbox 1029 1635 1177 1669; x_wconf 82' lang='lat' dir='ltr'>Pontifici</span> 
     </span>
     <span class='ocr_line' id='line_1_28' title="bbox 440 1692 1179 1735; baseline -0.008 -8"><span class='ocrx_word' id='word_1_134' title='bbox 440 1703 477 1727; x_wconf 86' lang='lat' dir='ltr'>ea</span> <span class='ocrx_word' id='word_1_135' title='bbox 494 1692 612 1735; x_wconf 74' lang='lat' dir='ltr'>iugiter</span> <span class='ocrx_word' id='word_1_136' title='bbox 629 1701 807 1734; x_wconf 75' lang='lat' dir='ltr'>suggerere</span> <span class='ocrx_word' id='word_1_137' title='bbox 830 1695 861 1724; x_wconf 90' lang='lat' dir='ltr'>et</span> <span class='ocrx_word' id='word_1_138' title='bbox 879 1699 1076 1733; x_wconf 80' lang='lat' dir='ltr'>proponere,</span> <span class='ocrx_word' id='word_1_139' title='bbox 1097 1699 1179 1731; x_wconf 86' lang='lat' dir='ltr'>quae</span> 
     </span>
     <span class='ocr_line' id='line_1_29' title="bbox 439 1743 1179 1790; baseline -0.005 -11"><span class='ocrx_word' id='word_1_140' title='bbox 439 1757 499 1790; x_wconf 87' lang='lat' dir='ltr'>pro</span> <span class='ocrx_word' id='word_1_141' title='bbox 526 1745 714 1779; x_wconf 88' lang='lat' dir='ltr'>eorumdem</span> <span class='ocrx_word' id='word_1_142' title='bbox 747 1743 943 1786; x_wconf 79' lang='lat' dir='ltr'>regularium</span> <span class='ocrx_word' id='word_1_143' title='bbox 980 1743 1179 1785; x_wconf 87' lang='lat' dir='ltr'>ubicumque</span> 
     </span>
     <span class='ocr_line' id='line_1_30' title="bbox 441 1796 1179 1841; baseline -0.007 -8"><span class='ocrx_word' id='word_1_144' title='bbox 441 1799 658 1838; x_wconf 83' lang='lat' dir='ltr'>existentium,</span> <span class='ocrx_word' id='word_1_145' title='bbox 678 1798 913 1841; x_wconf 88' lang='lat' dir='ltr'>cuiuscumque</span> <span class='ocrx_word' id='word_1_146' title='bbox 938 1796 1077 1836; x_wconf 75' lang='lat' dir='ltr'>Ordinis,</span> <span class='ocrx_word' id='word_1_147' title='bbox 1105 1806 1179 1829; x_wconf 88' lang='lat' dir='ltr'>con-</span> 
     </span>
     <span class='ocr_line' id='line_1_31' title="bbox 441 1849 1178 1896; baseline -0.008 -10"><span class='ocrx_word' id='word_1_148' title='bbox 441 1852 652 1896; x_wconf 77' lang='lat' dir='ltr'>gregationis,</span> <span class='ocrx_word' id='word_1_149' title='bbox 679 1850 840 1884; x_wconf 87' lang='lat' dir='ltr'>societatis</span> <span class='ocrx_word' id='word_1_150' title='bbox 866 1854 918 1883; x_wconf 89' lang='lat' dir='ltr'>aut</span> <span class='ocrx_word' id='word_1_151' title='bbox 943 1849 1084 1881; x_wconf 87' lang='lat' dir='ltr'>instituti</span> <span class='ocrx_word' id='word_1_152' title='bbox 1106 1849 1178 1887; x_wconf 87' lang='lat' dir='ltr'>sint,</span> 
     </span>
     <span class='ocr_line' id='line_1_32' title="bbox 440 1902 1180 1947; baseline -0.005 -9"><span class='ocrx_word' id='word_1_153' title='bbox 440 1906 577 1940; x_wconf 83' lang='lat' dir='ltr'>fovenda</span> <span class='ocrx_word' id='word_1_154' title='bbox 602 1916 658 1938; x_wconf 89' lang='lat' dir='ltr'>seu</span> <span class='ocrx_word' id='word_1_155' title='bbox 680 1904 867 1947; x_wconf 50' lang='lat' dir='ltr'>*reparanda</span> <span class='ocrx_word' id='word_1_156' title='bbox 899 1903 1083 1946; x_wconf 71' lang='lat' dir='ltr'>disciplina,</span> <span class='ocrx_word' id='word_1_157' title='bbox 1110 1902 1180 1934; x_wconf 88' lang='lat' dir='ltr'>seli-</span> 
     </span>
     <span class='ocr_line' id='line_1_33' title="bbox 439 1957 1179 2003; baseline -0.005 -11"><span class='ocrx_word' id='word_1_158' title='bbox 439 1960 594 2003; x_wconf 90' lang='lat' dir='ltr'>cibusque</span> <span class='ocrx_word' id='word_1_159' title='bbox 631 1959 760 1992; x_wconf 87' lang='lat' dir='ltr'>illorum</span> <span class='ocrx_word' id='word_1_160' title='bbox 802 1957 834 1990; x_wconf 91' lang='lat' dir='ltr'>in</span> <span class='ocrx_word' id='word_1_161' title='bbox 870 1957 918 1989; x_wconf 78' lang='lat' dir='ltr'>via</span> <span class='ocrx_word' id='word_1_162' title='bbox 954 1957 1179 1989; x_wconf 86' lang='lat' dir='ltr'>mandatorum</span> 
     </span>
     <span class='ocr_line' id='line_1_34' title="bbox 439 2009 1181 2055; baseline -0.008 -10"><span class='ocrx_word' id='word_1_163' title='bbox 439 2012 565 2045; x_wconf 89' lang='lat' dir='ltr'>Domini</span> <span class='ocrx_word' id='word_1_164' title='bbox 586 2011 815 2055; x_wconf 70' lang='lat' dir='ltr'>progressibus</span> <span class='ocrx_word' id='word_1_165' title='bbox 833 2015 862 2043; x_wconf 88' lang='lat' dir='ltr'>ct</span> <span class='ocrx_word' id='word_1_166' title='bbox 884 2009 1100 2043; x_wconf 78' lang='lat' dir='ltr'>laudabilibus</span> <span class='ocrx_word' id='word_1_167' title='bbox 1118 2014 1181 2041; x_wconf 84' lang='lat' dir='ltr'>stu-</span> 
     </span>
     <span class='ocr_line' id='line_1_35' title="bbox 440 2064 1180 2107; baseline -0.003 -9"><span class='ocrx_word' id='word_1_168' title='bbox 440 2066 500 2099; x_wconf 87' lang='lat' dir='ltr'>diis</span> <span class='ocrx_word' id='word_1_169' title='bbox 524 2065 673 2098; x_wconf 76' lang='lat' dir='ltr'>iuvandis</span> <span class='ocrx_word' id='word_1_170' title='bbox 710 2064 896 2097; x_wconf 79' lang='lat' dir='ltr'>neccssaria</span> <span class='ocrx_word' id='word_1_171' title='bbox 930 2069 960 2096; x_wconf 90' lang='lat' dir='ltr'>et</span> <span class='ocrx_word' id='word_1_172' title='bbox 995 2068 1180 2107; x_wconf 85' lang='lat' dir='ltr'>opportuna</span> 
     </span>
     <span class='ocr_line' id='line_1_36' title="bbox 441 2118 959 2153; baseline -0.008 0"><span class='ocrx_word' id='word_1_173' title='bbox 441 2119 509 2153; x_wconf 85' lang='lat' dir='ltr'>sore</span> <span class='ocrx_word' id='word_1_174' title='bbox 535 2119 567 2151; x_wconf 90' lang='lat' dir='ltr'>in</span> <span class='ocrx_word' id='word_1_175' title='bbox 593 2118 728 2151; x_wconf 88' lang='lat' dir='ltr'>Domino</span> <span class='ocrx_word' id='word_1_176' title='bbox 755 2118 959 2150; x_wconf 78' lang='lat' dir='ltr'>iudicaverit.</span> 
     </span>
     <span class='ocr_line' id='line_1_37' title="bbox 273 2169 1180 2220; baseline -0.004 -15"><span class='ocrx_word' id='word_1_177' title='bbox 273 2181 364 2220; x_wconf 50' lang='lat' dir='ltr'>abolitio</span> <span class='ocrx_word' id='word_1_178' title='bbox 378 2181 430 2201; x_wconf 77' lang='lat' dir='ltr'>Con·</span> <span class='ocrx_word' id='word_1_179' title='bbox 486 2174 500 2216; x_wconf 60' lang='grc' dir='ltr'>ξ</span> <span class='ocrx_word' id='word_1_180' title='bbox 521 2172 552 2205; x_wconf 69' lang='lat'>2.</span> <span class='ocrx_word' id='word_1_181' title='bbox 571 2171 727 2210; x_wconf 79' lang='lat' dir='ltr'>Quoniam</span> <span class='ocrx_word' id='word_1_182' title='bbox 747 2182 823 2203; x_wconf 88' lang='lat' dir='ltr'>vero</span> <span class='ocrx_word' id='word_1_183' title='bbox 844 2171 882 2203; x_wconf 87' lang='lat' dir='ltr'>de</span> <span class='ocrx_word' id='word_1_184' title='bbox 900 2170 1065 2213; x_wconf 73' lang='lat' dir='ltr'>praesenti</span> <span class='ocrx_word' id='word_1_185' title='bbox 1085 2169 1180 2202; x_wconf 87' lang='lat' dir='ltr'>etiam</span> 
     </span>
     <span class='ocr_line' id='line_1_38' title="bbox 246 2211 1181 2267; baseline -0.005 -8"><span class='ocrx_word' id='word_1_186' title='bbox 246 2211 503 2258; x_wconf 49' lang='lat' dir='ltr'>{Zigssifffi&#39;fi&#39;sspssiissalia</span> <span class='ocrx_word' id='word_1_187' title='bbox 528 2225 743 2267; x_wconf 77' lang='lat' dir='ltr'>Congregatio</span> <span class='ocrx_word' id='word_1_188' title='bbox 761 2225 996 2257; x_wconf 83' lang='lat' dir='ltr'>nonnullorum</span> <span class='ocrx_word' id='word_1_189' title='bbox 1015 2223 1181 2256; x_wconf 84' lang='lat' dir='ltr'>venerahi-</span> 
     </span>
    </p>
   </div>
   <div class='ocr_carea' id='block_1_3' title="bbox 246 2261 429 2285">
    <p class='ocr_par' dir='ltr' id='par_1_3' title="bbox 246 2261 429 2285">
     <span class='ocr_line' id='line_1_39' title="bbox 246 2261 429 2285; baseline -0.005 -5"><span class='ocrx_word' id='word_1_190' title='bbox 246 2261 328 2282; x_wconf 66' lang='lat' dir='ltr'>l-nrium,</span> <span class='ocrx_word' id='word_1_191' title='bbox 341 2261 429 2285; x_wconf 75' lang='lat' dir='ltr'>eiusque</span> 
     </span>
    </p>
   </div>
   <div class='ocr_carea' id='block_1_4' title="bbox 247 2276 1179 2312">
    <p class='ocr_par' dir='ltr' id='par_1_4' title="bbox 247 2276 1179 2312">
     <span class='ocr_line' id='line_1_40' title="bbox 247 2276 1179 2312; baseline -0.004 1"><span class='ocrx_word' id='word_1_192' title='bbox 247 2287 365 2309; x_wconf 39' lang='lat' dir='ltr'>f*vult-¹¹⁰⁵,</span> <span class='ocrx_word' id='word_1_193' title='bbox 384 2279 518 2312; x_wconf 69' lang='lat' dir='ltr'>‹im-lium</span> <span class='ocrx_word' id='word_1_194' title='bbox 533 2278 645 2311; x_wconf 87' lang='lat' dir='ltr'>itidem</span> <span class='ocrx_word' id='word_1_195' title='bbox 663 2279 797 2310; x_wconf 81' lang='lat' dir='ltr'>fratrum</span> <span class='ocrx_word' id='word_1_196' title='bbox 822 2282 1011 2310; x_wconf 86' lang='lat' dir='ltr'>nostrorum</span> <span class='ocrx_word' id='word_1_197' title='bbox 1033 2276 1179 2309; x_wconf 86' lang='lat' dir='ltr'>eiusdem</span> 
     </span>
    </p>
   </div>
   <div class='ocr_carea' id='block_1_5' title="bbox 246 2313 430 2334">
    <p class='ocr_par' dir='ltr' id='par_1_5' title="bbox 246 2313 430 2334">
     <span class='ocr_line' id='line_1_41' title="bbox 246 2313 430 2334; baseline -0.005 -2"><span class='ocrx_word' id='word_1_198' title='bbox 246 2313 335 2334; x_wconf 67' lang='lat' dir='ltr'>busdam</span> <span class='ocrx_word' id='word_1_199' title='bbox 370 2319 430 2332; x_wconf 71' lang='lat' dir='ltr'>cxco-</span> 
     </span>
    </p>
   </div>
   <div class='ocr_carea' id='block_1_6' title="bbox 246 2329 1183 2641">
    <p class='ocr_par' dir='ltr' id='par_1_6' title="bbox 246 2329 1183 2641">
     <span class='ocr_line' id='line_1_42' title="bbox 246 2329 1182 2391; baseline -0.001 -28"><span class='ocrx_word' id='word_1_200' title='bbox 246 2343 294 2386; x_wconf 45' lang='lat' dir='ltr'>ffip,</span> <span class='ocrx_word' id='word_1_201' title='bbox 313 2331 556 2391; x_wconf 45' lang='lat' dir='ltr'>333323113338RE.</span> <span class='ocrx_word' id='word_1_202' title='bbox 573 2330 784 2363; x_wconf 80' lang='lat' dir='ltr'>cardinalium</span> <span class='ocrx_word' id='word_1_203' title='bbox 799 2340 834 2362; x_wconf 89' lang='lat' dir='ltr'>ac</span> <span class='ocrx_word' id='word_1_204' title='bbox 851 2330 1044 2362; x_wconf 87' lang='lat' dir='ltr'>dilectorum</span> <span class='ocrx_word' id='word_1_205' title='bbox 1060 2329 1182 2373; x_wconf 90' lang='lat' dir='ltr'>pariter</span> 
     </span>
     <span class='ocr_line' id='line_1_43' title="bbox 247 2381 1180 2445; baseline 0.004 -34"><span class='ocrx_word' id='word_1_206' title='bbox 247 2381 584 2445; x_wconf 42' lang='lat' dir='ltr'>«r.k3213iefp·r{cgffijfiliorum</span> <span class='ocrx_word' id='word_1_207' title='bbox 608 2383 722 2416; x_wconf 87' lang='lat' dir='ltr'>Curiae</span> <span class='ocrx_word' id='word_1_208' title='bbox 747 2383 934 2426; x_wconf 76' lang='lat' dir='ltr'>praedictae</span> <span class='ocrx_word' id='word_1_209' title='bbox 960 2384 1180 2426; x_wconf 83' lang='lat' dir='ltr'>praelatorum</span> 
     </span>
     <span class='ocr_line' id='line_1_44' title="bbox 248 2436 1180 2481; baseline 0.002 -15"><span class='ocrx_word' id='word_1_210' title='bbox 248 2446 309 2467; x_wconf 74' lang='lat' dir='ltr'>rium.</span> <span class='ocrx_word' id='word_1_211' title='bbox 442 2447 540 2481; x_wconf 87' lang='lat' dir='ltr'>super</span> <span class='ocrx_word' id='word_1_212' title='bbox 554 2442 637 2469; x_wconf 86' lang='lat' dir='ltr'>statu</span> <span class='ocrx_word' id='word_1_213' title='bbox 653 2436 847 2478; x_wconf 75' lang='lat' dir='ltr'>regularium</span> <span class='ocrx_word' id='word_1_214' title='bbox 862 2441 1048 2479; x_wconf 87' lang='lat' dir='ltr'>nuncupata</span> <span class='ocrx_word' id='word_1_215' title='bbox 1060 2437 1180 2469; x_wconf 85' lang='lat' dir='ltr'>dudum</span> 
     </span>
     <span class='ocr_line' id='line_1_45' title="bbox 442 2489 1181 2524; baseline -0.001 -1"><span class='ocrx_word' id='word_1_216' title='bbox 442 2501 460 2523; x_wconf 86' lang='lat' dir='ltr'>a</span> <span class='ocrx_word' id='word_1_217' title='bbox 494 2490 691 2524; x_wconf 82' lang='lat' dir='ltr'>recolendae</span> <span class='ocrx_word' id='word_1_218' title='bbox 728 2489 902 2522; x_wconf 78' lang='lat' dir='ltr'>memoriae</span> <span class='ocrx_word' id='word_1_219' title='bbox 938 2489 1131 2523; x_wconf 83' lang='lat' dir='ltr'>Innocentio</span> <span class='ocrx_word' id='word_1_220' title='bbox 1156 2490 1181 2522; x_wconf 76' lang='lat' dir='ltr'>X</span> 
     </span>
     <span class='ocr_line' id='line_1_46' title="bbox 442 2542 1183 2577; baseline 0 -1"><span class='ocrx_word' id='word_1_221' title='bbox 442 2544 589 2577; x_wconf 88' lang='lat' dir='ltr'>instituta</span> <span class='ocrx_word' id='word_1_222' title='bbox 615 2553 650 2576; x_wconf 90' lang='lat' dir='ltr'>ac</span> <span class='ocrx_word' id='word_1_223' title='bbox 673 2542 839 2576; x_wconf 83' lang='lat' dir='ltr'>Clemente</span> <span class='ocrx_word' id='word_1_224' title='bbox 859 2543 897 2576; x_wconf 66' lang='lat' dir='ltr'>tx</span> <span class='ocrx_word' id='word_1_225' title='bbox 923 2543 1076 2576; x_wconf 79' lang='lat' dir='ltr'>Romanis</span> <span class='ocrx_word' id='word_1_226' title='bbox 1104 2544 1183 2576; x_wconf 86' lang='lat' dir='ltr'>Pon-</span> 
     </span>
     <span class='ocr_line' id='line_1_47' title="bbox 442 2597 1181 2641; baseline 0 -11"><span class='ocrx_word' id='word_1_227' title='bbox 442 2597 583 2631; x_wconf 83' lang='lat' dir='ltr'>tificibus</span> <span class='ocrx_word' id='word_1_228' title='bbox 601 2597 907 2641; x_wconf 83' lang='lat' dir='ltr'>praedecessoribus</span> <span class='ocrx_word' id='word_1_229' title='bbox 923 2598 1044 2641; x_wconf 87' lang='lat' dir='ltr'>pariter</span> <span class='ocrx_word' id='word_1_230' title='bbox 1061 2598 1181 2630; x_wconf 90' lang='lat' dir='ltr'>nostris</span> 
     </span>
    </p>
   </div>
   <div class='ocr_carea' id='block_1_7' title="bbox 479 2658 981 2695">
    <p class='ocr_par' dir='ltr' id='par_1_7' title="bbox 479 2658 981 2695">
     <span class='ocr_line' id='line_1_48' title="bbox 479 2658 981 2695; baseline 0 -9"><span class='ocrx_word' id='word_1_231' title='bbox 479 2660 490 2686; x_wconf 92' lang='lat'>1</span> <span class='ocrx_word' id='word_1_232' title='bbox 514 2659 614 2695; x_wconf 84' lang='lat' dir='ltr'>Aptius</span> <span class='ocrx_word' id='word_1_233' title='bbox 634 2658 692 2695; x_wconf 83' lang='lat' dir='ltr'>tege</span> <span class='ocrx_word' id='word_1_234' title='bbox 712 2662 743 2686; x_wconf 81' lang='lat' dir='ltr'>ul</span> <span class='ocrx_word' id='word_1_235' title='bbox 765 2666 811 2694; x_wconf 84' lang='lat' dir='ltr'>pro</span> <span class='ocrx_word' id='word_1_236' title='bbox 832 2662 857 2686; x_wconf 83' lang='lat' dir='ltr'>et</span> <span class='ocrx_word' id='word_1_237' title='bbox 878 2660 914 2693; x_wconf 76' lang='lat' dir='ltr'>(a.</span> <span class='ocrx_word' id='word_1_238' title='bbox 932 2659 981 2694; x_wconf 89' lang='grc' dir='ltr'>τ.).</span> 
     </span>
    </p>
   </div>
   <div class='ocr_carea' id='block_1_8' title="bbox 233 253 424 283">
    <p class='ocr_par' dir='ltr' id='par_1_8' title="bbox 233 253 424 283">
     <span class='ocr_line' id='line_1_49' title="bbox 233 253 424 283; baseline -0.01 -1"><span class='ocrx_word' id='word_1_239' title='bbox 233 255 286 283; x_wconf 81' lang='lat' dir='ltr'>An.</span> <span class='ocrx_word' id='word_1_240' title='bbox 306 254 332 281; x_wconf 86' lang='lat' dir='ltr'>C.</span> <span class='ocrx_word' id='word_1_241' title='bbox 355 253 424 282; x_wconf 75' lang='lat'>1698</span> 
     </span>
    </p>
   </div>
   <div class='ocr_carea' id='block_1_9' title="bbox 1189 302 1210 2644">
    <p class='ocr_par' dir='ltr' id='par_1_9' title="bbox 1189 302 1210 2644">
     <span class='ocr_line' id='line_1_50' title="bbox 1189 302 1210 2644; baseline 0 0"><span class='ocrx_word' id='word_1_242' title='bbox 1189 302 1210 2644; x_wconf 95' lang='lat' dir='ltr'> </span> 
     </span>
    </p>
   </div>
   <div class='ocr_carea' id='block_1_10' title="bbox 1013 251 1372 275">
    <p class='ocr_par' dir='ltr' id='par_1_10' title="bbox 1013 251 1372 275">
     <span class='ocr_line' id='line_1_51' title="bbox 1013 251 1372 275; baseline -0.003 0"><span class='ocrx_word' id='word_1_243' title='bbox 1013 251 1191 275; x_wconf 71' lang='lat' dir='ltr'>sst‘LLAmt&#39;M</span> <span class='ocrx_word' id='word_1_244' title='bbox 1217 251 1325 274; x_wconf 73' lang='lat' dir='ltr'>HOMAN</span> <span class='ocrx_word' id='word_1_245' title='bbox 1332 251 1372 274; x_wconf 83' lang='lat' dir='ltr'>UM</span> 
     </span>
    </p>
   </div>
   <div class='ocr_carea' id='block_1_11' title="bbox 1212 297 1966 1892">
    <p class='ocr_par' dir='ltr' id='par_1_11' title="bbox 1212 297 1966 1840">
     <span class='ocr_line' id='line_1_52' title="bbox 1213 297 1952 343; baseline -0.003 -11"><span class='ocrx_word' id='word_1_246' title='bbox 1213 299 1396 343; x_wconf 81' lang='lat' dir='ltr'>respective</span> <span class='ocrx_word' id='word_1_247' title='bbox 1432 298 1624 332; x_wconf 83' lang='lat' dir='ltr'>confirmata</span> <span class='ocrx_word' id='word_1_248' title='bbox 1658 297 1832 342; x_wconf 82' lang='lat' dir='ltr'>reperitur,</span> <span class='ocrx_word' id='word_1_249' title='bbox 1859 297 1952 342; x_wconf 78' lang='lat' dir='ltr'>eique</span> 
     </span>
     <span class='ocr_line' id='line_1_53' title="bbox 1212 351 1952 397; baseline -0.003 -11"><span class='ocrx_word' id='word_1_250' title='bbox 1212 354 1324 397; x_wconf 84' lang='lat' dir='ltr'>plures</span> <span class='ocrx_word' id='word_1_251' title='bbox 1350 364 1387 386; x_wconf 81' lang='lat' dir='ltr'>ex</span> <span class='ocrx_word' id='word_1_252' title='bbox 1413 352 1589 396; x_wconf 85' lang='lat' dir='ltr'>praedictis</span> <span class='ocrx_word' id='word_1_253' title='bbox 1614 352 1829 392; x_wconf 88' lang='lat' dir='ltr'>facultatibus,</span> <span class='ocrx_word' id='word_1_254' title='bbox 1848 351 1952 384; x_wconf 85' lang='lat' dir='ltr'>dictae</span> 
     </span>
     <span class='ocr_line' id='line_1_54' title="bbox 1213 404 1952 450; baseline -0.005 -10"><span class='ocrx_word' id='word_1_255' title='bbox 1213 405 1463 449; x_wconf 81' lang='lat' dir='ltr'>Congrcgationi</span> <span class='ocrx_word' id='word_1_256' title='bbox 1489 416 1588 450; x_wconf 87' lang='lat' dir='ltr'>super</span> <span class='ocrx_word' id='word_1_257' title='bbox 1613 405 1785 448; x_wconf 74' lang='lat' dir='ltr'>disciplina</span> <span class='ocrx_word' id='word_1_258' title='bbox 1809 404 1952 447; x_wconf 80' lang='lat' dir='ltr'>regulari</span> 
     </span>
     <span class='ocr_line' id='line_1_55' title="bbox 1213 458 1954 504; baseline -0.005 -10"><span class='ocrx_word' id='word_1_259' title='bbox 1213 472 1273 504; x_wconf 89' lang='lat' dir='ltr'>per</span> <span class='ocrx_word' id='word_1_260' title='bbox 1297 471 1356 493; x_wconf 90' lang='lat' dir='ltr'>nos</span> <span class='ocrx_word' id='word_1_261' title='bbox 1382 459 1463 492; x_wconf 84' lang='lat' dir='ltr'>sicut</span> <span class='ocrx_word' id='word_1_262' title='bbox 1480 458 1700 503; x_wconf 86' lang='lat' dir='ltr'>praemittitur</span> <span class='ocrx_word' id='word_1_263' title='bbox 1717 458 1892 499; x_wconf 85' lang='lat' dir='ltr'>concessis,</span> <span class='ocrx_word' id='word_1_264' title='bbox 1911 463 1954 490; x_wconf 89' lang='lat' dir='ltr'>at-</span> 
     </span>
     <span class='ocr_line' id='line_1_56' title="bbox 1215 510 1952 552; baseline -0.005 -6"><span class='ocrx_word' id='word_1_265' title='bbox 1215 513 1352 546; x_wconf 84' lang='lat' dir='ltr'>tributae</span> <span class='ocrx_word' id='word_1_266' title='bbox 1390 513 1542 552; x_wconf 69' lang='lat' dir='ltr'>fuorunt,</span> <span class='ocrx_word' id='word_1_267' title='bbox 1569 522 1631 552; x_wconf 89' lang='lat' dir='ltr'>ne,</span> <span class='ocrx_word' id='word_1_268' title='bbox 1665 517 1758 544; x_wconf 85' lang='lat' dir='ltr'>aucto</span> <span class='ocrx_word' id='word_1_269' title='bbox 1790 510 1952 544; x_wconf 90' lang='lat' dir='ltr'>eiusmodi</span> 
     </span>
     <span class='ocr_line' id='line_1_57' title="bbox 1214 563 1954 608; baseline -0.004 -9"><span class='ocrx_word' id='word_1_270' title='bbox 1214 565 1509 608; x_wconf 79' lang='lat' dir='ltr'>Congregationum</span> <span class='ocrx_word' id='word_1_271' title='bbox 1525 575 1675 604; x_wconf 85' lang='lat' dir='ltr'>numero,</span> <span class='ocrx_word' id='word_1_272' title='bbox 1693 569 1817 597; x_wconf 87' lang='lat' dir='ltr'>rectum</span> <span class='ocrx_word' id='word_1_273' title='bbox 1835 563 1954 607; x_wconf 85' lang='lat' dir='ltr'>agendi</span> 
     </span>
     <span class='ocr_line' id='line_1_58' title="bbox 1215 616 1956 660; baseline -0.004 -9"><span class='ocrx_word' id='word_1_274' title='bbox 1215 619 1362 651; x_wconf 87' lang='lat' dir='ltr'>ordinem</span> <span class='ocrx_word' id='word_1_275' title='bbox 1389 618 1556 657; x_wconf 88' lang='lat' dir='ltr'>confundi,</span> <span class='ocrx_word' id='word_1_276' title='bbox 1577 623 1675 660; x_wconf 86' lang='lat' dir='ltr'>atque</span> <span class='ocrx_word' id='word_1_277' title='bbox 1696 616 1772 649; x_wconf 91' lang='lat' dir='ltr'>inde</span> <span class='ocrx_word' id='word_1_278' title='bbox 1790 617 1956 659; x_wconf 77' lang='lat' dir='ltr'>regulares</span> 
     </span>
     <span class='ocr_line' id='line_1_59' title="bbox 1214 670 1955 713; baseline -0.003 -9"><span class='ocrx_word' id='word_1_279' title='bbox 1214 672 1299 705; x_wconf 90' lang='lat' dir='ltr'>viros</span> <span class='ocrx_word' id='word_1_280' title='bbox 1326 671 1420 704; x_wconf 86' lang='lat' dir='ltr'>nimis</span> <span class='ocrx_word' id='word_1_281' title='bbox 1446 671 1596 711; x_wconf 86' lang='lat' dir='ltr'>distrahi,</span> <span class='ocrx_word' id='word_1_282' title='bbox 1627 671 1778 713; x_wconf 84' lang='lat' dir='ltr'>adeoque</span> <span class='ocrx_word' id='word_1_283' title='bbox 1803 670 1891 712; x_wconf 88' lang='lat' dir='ltr'>ipsos</span> <span class='ocrx_word' id='word_1_284' title='bbox 1918 680 1955 702; x_wconf 89' lang='lat' dir='ltr'>ex</span> 
     </span>
     <span class='ocr_line' id='line_1_60' title="bbox 1216 722 1958 768; baseline -0.004 -10"><span class='ocrx_word' id='word_1_285' title='bbox 1216 726 1262 765; x_wconf 89' lang='lat' dir='ltr'>iis,</span> <span class='ocrx_word' id='word_1_286' title='bbox 1290 735 1372 768; x_wconf 90' lang='lat' dir='ltr'>quae</span> <span class='ocrx_word' id='word_1_287' title='bbox 1398 734 1458 768; x_wconf 89' lang='lat' dir='ltr'>pro</span> <span class='ocrx_word' id='word_1_288' title='bbox 1485 722 1607 757; x_wconf 84' lang='lat' dir='ltr'>salubri</span> <span class='ocrx_word' id='word_1_289' title='bbox 1633 723 1859 766; x_wconf 80' lang='lat' dir='ltr'>prosperaque</span> <span class='ocrx_word' id='word_1_290' title='bbox 1884 722 1958 755; x_wconf 90' lang='lat' dir='ltr'>illo-</span> 
     </span>
     <span class='ocr_line' id='line_1_61' title="bbox 1215 775 1959 821; baseline -0.005 -9"><span class='ocrx_word' id='word_1_291' title='bbox 1215 790 1285 812; x_wconf 90' lang='lat' dir='ltr'>rum</span> <span class='ocrx_word' id='word_1_292' title='bbox 1325 778 1505 811; x_wconf 82' lang='lat' dir='ltr'>directione</span> <span class='ocrx_word' id='word_1_293' title='bbox 1545 776 1682 821; x_wconf 89' lang='lat' dir='ltr'>provide</span> <span class='ocrx_word' id='word_1_294' title='bbox 1718 787 1755 809; x_wconf 87' lang='lat' dir='ltr'>ae</span> <span class='ocrx_word' id='word_1_295' title='bbox 1791 775 1959 819; x_wconf 87' lang='lat' dir='ltr'>sapienter</span> 
     </span>
     <span class='ocr_line' id='line_1_62' title="bbox 1215 830 1959 874; baseline -0.005 -8"><span class='ocrx_word' id='word_1_296' title='bbox 1215 834 1364 866; x_wconf 89' lang='lat' dir='ltr'>instituta</span> <span class='ocrx_word' id='word_1_297' title='bbox 1391 833 1532 871; x_wconf 90' lang='lat' dir='ltr'>fuerunt,</span> <span class='ocrx_word' id='word_1_298' title='bbox 1568 830 1751 874; x_wconf 88' lang='lat' dir='ltr'>perniciem</span> <span class='ocrx_word' id='word_1_299' title='bbox 1783 830 1891 873; x_wconf 90' lang='lat' dir='ltr'>potius</span> <span class='ocrx_word' id='word_1_300' title='bbox 1928 834 1959 863; x_wconf 86' lang='lat' dir='ltr'>et</span> 
     </span>
     <span class='ocr_line' id='line_1_63' title="bbox 1215 882 1959 928; baseline -0.005 -8"><span class='ocrx_word' id='word_1_301' title='bbox 1215 887 1468 926; x_wconf 83' lang='lat' dir='ltr'>incommodum,</span> <span class='ocrx_word' id='word_1_302' title='bbox 1495 885 1582 928; x_wconf 86' lang='lat' dir='ltr'>quod</span> <span class='ocrx_word' id='word_1_303' title='bbox 1607 883 1702 925; x_wconf 88' lang='lat' dir='ltr'>absit,</span> <span class='ocrx_word' id='word_1_304' title='bbox 1725 882 1866 927; x_wconf 82' lang='lat' dir='ltr'>experiri</span> <span class='ocrx_word' id='word_1_305' title='bbox 1888 893 1959 916; x_wconf 88' lang='lat' dir='ltr'>con-</span> 
     </span>
     <span class='ocr_line' id='line_1_64' title="bbox 1218 936 1960 982; baseline -0.004 -10"><span class='ocrx_word' id='word_1_306' title='bbox 1218 941 1328 982; x_wconf 76' lang='lat' dir='ltr'>tingat,</span> <span class='ocrx_word' id='word_1_307' title='bbox 1367 939 1486 972; x_wconf 82' lang='lat' dir='ltr'>dictam</span> <span class='ocrx_word' id='word_1_308' title='bbox 1523 936 1819 980; x_wconf 81' lang='lat' dir='ltr'>Congregationem</span> <span class='ocrx_word' id='word_1_309' title='bbox 1859 946 1960 979; x_wconf 88' lang='lat' dir='ltr'>super</span> 
     </span>
     <span class='ocr_line' id='line_1_65' title="bbox 1217 990 1961 1035; baseline -0.005 -9"><span class='ocrx_word' id='word_1_310' title='bbox 1217 999 1300 1026; x_wconf 85' lang='lat' dir='ltr'>statu</span> <span class='ocrx_word' id='word_1_311' title='bbox 1327 991 1535 1035; x_wconf 71' lang='lat' dir='ltr'>regularium,</span> <span class='ocrx_word' id='word_1_312' title='bbox 1555 996 1656 1031; x_wconf 89' lang='lat' dir='ltr'>motu,</span> <span class='ocrx_word' id='word_1_313' title='bbox 1678 990 1821 1030; x_wconf 73' lang='lat' dir='ltr'>scientia,</span> <span class='ocrx_word' id='word_1_314' title='bbox 1839 990 1961 1023; x_wconf 86' lang='lat' dir='ltr'>delibe-</span> 
     </span>
     <span class='ocr_line' id='line_1_66' title="bbox 1217 1043 1959 1090; baseline -0.008 -9"><span class='ocrx_word' id='word_1_315' title='bbox 1217 1048 1342 1081; x_wconf 85' lang='lat' dir='ltr'>ratione</span> <span class='ocrx_word' id='word_1_316' title='bbox 1360 1052 1392 1080; x_wconf 89' lang='lat' dir='ltr'>ct</span> <span class='ocrx_word' id='word_1_317' title='bbox 1408 1045 1579 1090; x_wconf 88' lang='lat' dir='ltr'>potestatis</span> <span class='ocrx_word' id='word_1_318' title='bbox 1593 1044 1798 1088; x_wconf 90' lang='lat' dir='ltr'>plenitudine</span> <span class='ocrx_word' id='word_1_319' title='bbox 1816 1043 1959 1087; x_wconf 85' lang='lat' dir='ltr'>paribus,</span> 
     </span>
     <span class='ocr_line' id='line_1_67' title="bbox 1218 1097 1961 1141; baseline -0.007 -7"><span class='ocrx_word' id='word_1_320' title='bbox 1218 1103 1333 1134; x_wconf 86' lang='lat' dir='ltr'>barum</span> <span class='ocrx_word' id='word_1_321' title='bbox 1359 1100 1443 1133; x_wconf 88' lang='lat' dir='ltr'>serie</span> <span class='ocrx_word' id='word_1_322' title='bbox 1481 1099 1633 1131; x_wconf 88' lang='lat' dir='ltr'>similiter</span> <span class='ocrx_word' id='word_1_323' title='bbox 1664 1103 1825 1141; x_wconf 85' lang='lat' dir='ltr'>perpetuo</span> <span class='ocrx_word' id='word_1_324' title='bbox 1857 1097 1961 1130; x_wconf 74' lang='lat' dir='ltr'>extin-</span> 
     </span>
     <span class='ocr_line' id='line_1_68' title="bbox 1218 1151 1963 1197; baseline -0.005 -11"><span class='ocrx_word' id='word_1_325' title='bbox 1218 1154 1355 1197; x_wconf 73' lang='lat' dir='ltr'>guimus,</span> <span class='ocrx_word' id='word_1_326' title='bbox 1382 1151 1615 1196; x_wconf 86' lang='lat' dir='ltr'>supprimimus</span> <span class='ocrx_word' id='word_1_327' title='bbox 1641 1156 1673 1183; x_wconf 87' lang='lat' dir='ltr'>et</span> <span class='ocrx_word' id='word_1_328' title='bbox 1697 1151 1877 1190; x_wconf 81' lang='lat' dir='ltr'>abolemus3</span> <span class='ocrx_word' id='word_1_329' title='bbox 1897 1160 1963 1183; x_wconf 91' lang='lat' dir='ltr'>om-</span> 
     </span>
     <span class='ocr_line' id='line_1_69' title="bbox 1218 1203 1960 1248; baseline -0.007 -7"><span class='ocrx_word' id='word_1_330' title='bbox 1218 1219 1274 1241; x_wconf 85' lang='lat' dir='ltr'>nes</span> <span class='ocrx_word' id='word_1_331' title='bbox 1312 1218 1403 1247; x_wconf 85' lang='lat' dir='ltr'>vero,</span> <span class='ocrx_word' id='word_1_332' title='bbox 1444 1212 1476 1239; x_wconf 91' lang='lat' dir='ltr'>et</span> <span class='ocrx_word' id='word_1_333' title='bbox 1513 1206 1658 1248; x_wconf 82' lang='lat' dir='ltr'>singulas</span> <span class='ocrx_word' id='word_1_334' title='bbox 1691 1204 1862 1237; x_wconf 81' lang='lat' dir='ltr'>facultates</span> <span class='ocrx_word' id='word_1_335' title='bbox 1899 1203 1960 1247; x_wconf 91' lang='lat' dir='ltr'>ipsi</span> 
     </span>
     <span class='ocr_line' id='line_1_70' title="bbox 1218 1257 1961 1303; baseline -0.008 -8"><span class='ocrx_word' id='word_1_336' title='bbox 1218 1260 1473 1303; x_wconf 73' lang='lat' dir='ltr'>Congrcgationi</span> <span class='ocrx_word' id='word_1_337' title='bbox 1506 1270 1607 1303; x_wconf 88' lang='lat' dir='ltr'>super</span> <span class='ocrx_word' id='word_1_338' title='bbox 1639 1263 1724 1291; x_wconf 88' lang='lat' dir='ltr'>statu</span> <span class='ocrx_word' id='word_1_339' title='bbox 1761 1257 1961 1300; x_wconf 81' lang='lat' dir='ltr'>regularium</span> 
     </span>
     <span class='ocr_line' id='line_1_71' title="bbox 1219 1312 1963 1359; baseline -0.005 -11"><span class='ocrx_word' id='word_1_340' title='bbox 1219 1315 1528 1359; x_wconf 82' lang='lat' dir='ltr'>quomodocumque</span> <span class='ocrx_word' id='word_1_341' title='bbox 1547 1318 1579 1346; x_wconf 88' lang='lat' dir='ltr'>et</span> <span class='ocrx_word' id='word_1_342' title='bbox 1596 1312 1868 1356; x_wconf 85' lang='lat' dir='ltr'>quandocumque</span> <span class='ocrx_word' id='word_1_343' title='bbox 1890 1321 1963 1344; x_wconf 90' lang='lat' dir='ltr'>con-</span> 
     </span>
     <span class='ocr_line' id='line_1_72' title="bbox 1219 1365 1963 1409; baseline -0.005 -7"><span class='ocrx_word' id='word_1_344' title='bbox 1219 1379 1325 1401; x_wconf 72' lang='lat' dir='ltr'>cessas</span> <span class='ocrx_word' id='word_1_345' title='bbox 1341 1395 1348 1408; x_wconf 90' lang='lat'>‚</span> <span class='ocrx_word' id='word_1_346' title='bbox 1374 1367 1412 1400; x_wconf 92' lang='lat' dir='ltr'>iis</span> <span class='ocrx_word' id='word_1_347' title='bbox 1438 1368 1602 1400; x_wconf 85' lang='lat' dir='ltr'>dumtaxat</span> <span class='ocrx_word' id='word_1_348' title='bbox 1627 1365 1771 1409; x_wconf 76' lang='lat' dir='ltr'>exceptis</span> <span class='ocrx_word' id='word_1_349' title='bbox 1797 1375 1875 1408; x_wconf 83' lang='lat' dir='ltr'>quas</span> <span class='ocrx_word' id='word_1_350' title='bbox 1900 1375 1963 1398; x_wconf 88' lang='lat' dir='ltr'>me-</span> 
     </span>
     <span class='ocr_line' id='line_1_73' title="bbox 1219 1417 1964 1463; baseline -0.007 -9"><span class='ocrx_word' id='word_1_351' title='bbox 1219 1427 1363 1455; x_wconf 86' lang='lat' dir='ltr'>moratae</span> <span class='ocrx_word' id='word_1_352' title='bbox 1389 1419 1641 1463; x_wconf 75' lang='lat' dir='ltr'>congregationi</span> <span class='ocrx_word' id='word_1_353' title='bbox 1667 1429 1767 1461; x_wconf 90' lang='lat' dir='ltr'>super</span> <span class='ocrx_word' id='word_1_354' title='bbox 1792 1417 1964 1461; x_wconf 79' lang='lat' dir='ltr'>disciplina</span> 
     </span>
     <span class='ocr_line' id='line_1_74' title="bbox 1220 1471 1964 1517; baseline -0.007 -9"><span class='ocrx_word' id='word_1_355' title='bbox 1220 1475 1373 1517; x_wconf 71' lang='lat' dir='ltr'>regulari,</span> <span class='ocrx_word' id='word_1_356' title='bbox 1412 1475 1495 1507; x_wconf 70' lang='lat' dir='ltr'>sicut</span> <span class='ocrx_word' id='word_1_357' title='bbox 1534 1472 1766 1517; x_wconf 85' lang='lat' dir='ltr'>praemittitur,</span> <span class='ocrx_word' id='word_1_358' title='bbox 1807 1471 1964 1514; x_wconf 88' lang='lat' dir='ltr'>impertiti</span> 
     </span>
     <span class='ocr_line' id='line_1_75' title="bbox 1221 1523 1964 1569; baseline -0.005 -9"><span class='ocrx_word' id='word_1_359' title='bbox 1221 1529 1348 1568; x_wconf 88' lang='lat' dir='ltr'>fuimus,</span> <span class='ocrx_word' id='word_1_360' title='bbox 1366 1528 1395 1560; x_wconf 93' lang='lat' dir='ltr'>in</span> <span class='ocrx_word' id='word_1_361' title='bbox 1411 1526 1707 1569; x_wconf 80' lang='lat' dir='ltr'>Congregationem</span> <span class='ocrx_word' id='word_1_362' title='bbox 1724 1523 1964 1558; x_wconf 83' lang='lat' dir='ltr'>venerabilium</span> 
     </span>
     <span class='ocr_line' id='line_1_76' title="bbox 1221 1577 1959 1616; baseline -0.008 -1"><span class='ocrx_word' id='word_1_363' title='bbox 1221 1582 1317 1616; x_wconf 88' lang='lat' dir='ltr'>ctiam</span> <span class='ocrx_word' id='word_1_364' title='bbox 1342 1582 1476 1613; x_wconf 80' lang='lat' dir='ltr'>fratrum</span> <span class='ocrx_word' id='word_1_365' title='bbox 1502 1585 1691 1613; x_wconf 88' lang='lat' dir='ltr'>nostrorum</span> <span class='ocrx_word' id='word_1_366' title='bbox 1717 1578 1822 1611; x_wconf 88' lang='lat' dir='ltr'>dictae</span> <span class='ocrx_word' id='word_1_367' title='bbox 1843 1577 1959 1611; x_wconf 83' lang='lat' dir='ltr'>S.R.E.</span> 
     </span>
     <span class='ocr_line' id='line_1_77' title="bbox 1222 1630 1963 1677; baseline -0.008 -9"><span class='ocrx_word' id='word_1_368' title='bbox 1222 1635 1436 1669; x_wconf 88' lang='lat' dir='ltr'>cardinalium</span> <span class='ocrx_word' id='word_1_369' title='bbox 1452 1633 1593 1677; x_wconf 75' lang='lat' dir='ltr'>negotiis</span> <span class='ocrx_word' id='word_1_370' title='bbox 1613 1638 1644 1666; x_wconf 87' lang='lat' dir='ltr'>et</span> <span class='ocrx_word' id='word_1_371' title='bbox 1665 1630 1963 1665; x_wconf 82' lang='lat' dir='ltr'>consultationibus</span> 
     </span>
     <span class='ocr_line' id='line_1_78' title="bbox 1223 1684 1964 1732; baseline -0.008 -10"><span class='ocrx_word' id='word_1_372' title='bbox 1223 1689 1448 1732; x_wconf 85' lang='lat' dir='ltr'>episcoporum</span> <span class='ocrx_word' id='word_1_373' title='bbox 1468 1693 1500 1720; x_wconf 88' lang='lat' dir='ltr'>et</span> <span class='ocrx_word' id='word_1_374' title='bbox 1517 1686 1719 1729; x_wconf 80' lang='lat' dir='ltr'>regularium</span> <span class='ocrx_word' id='word_1_375' title='bbox 1738 1684 1964 1729; x_wconf 88' lang='lat' dir='ltr'>praepositam</span> 
     </span>
     <span class='ocr_line' id='line_1_79' title="bbox 1222 1740 1966 1786; baseline -0.007 -11"><span class='ocrx_word' id='word_1_376' title='bbox 1222 1748 1383 1786; x_wconf 88' lang='lat' dir='ltr'>perpetuo</span> <span class='ocrx_word' id='word_1_377' title='bbox 1410 1742 1523 1774; x_wconf 86' lang='lat' dir='ltr'>itidem</span> <span class='ocrx_word' id='word_1_378' title='bbox 1559 1740 1785 1773; x_wconf 79' lang='lat' dir='ltr'>transferimus</span> <span class='ocrx_word' id='word_1_379' title='bbox 1818 1744 1849 1771; x_wconf 84' lang='lat' dir='ltr'>et</span> <span class='ocrx_word' id='word_1_380' title='bbox 1882 1743 1966 1770; x_wconf 89' lang='lat' dir='ltr'>tran-</span> 
     </span>
     <span class='ocr_line' id='line_1_80' title="bbox 1223 1801 1417 1840; baseline -0.015 -11"><span class='ocrx_word' id='word_1_381' title='bbox 1223 1801 1417 1840; x_wconf 81' lang='lat' dir='ltr'>sportamus.</span> 
     </span>
    </p>

    <p class='ocr_par' dir='ltr' id='par_1_12' title="bbox 1266 1845 1964 1892">
     <span class='ocr_line' id='line_1_81' title="bbox 1266 1845 1964 1892; baseline -0.004 -10"><span class='ocrx_word' id='word_1_382' title='bbox 1266 1850 1281 1892; x_wconf 65' lang='lat' dir='ltr'>g</span> <span class='ocrx_word' id='word_1_383' title='bbox 1306 1848 1337 1882; x_wconf 78' lang='lat'>3.</span> <span class='ocrx_word' id='word_1_384' title='bbox 1364 1848 1595 1886; x_wconf 88' lang='lat' dir='ltr'>Decernentes,</span> <span class='ocrx_word' id='word_1_385' title='bbox 1617 1845 1748 1879; x_wconf 86' lang='lat' dir='ltr'>easdem</span> <span class='ocrx_word' id='word_1_386' title='bbox 1773 1851 1964 1890; x_wconf 81' lang='lat' dir='ltr'>praesentes</span> 
     </span>
    </p>
   </div>
   <div class='ocr_carea' id='block_1_12' title="bbox 1961 247 2146 274">
    <p class='ocr_par' dir='ltr' id='par_1_13' title="bbox 1961 247 2146 274">
     <span class='ocr_line' id='line_1_82' title="bbox 1961 247 2146 274; baseline 0 0"><span class='ocrx_word' id='word_1_387' title='bbox 1961 248 2009 274; x_wconf 82' lang='lat' dir='ltr'>An.</span> <span class='ocrx_word' id='word_1_388' title='bbox 2027 248 2055 274; x_wconf 88' lang='lat' dir='ltr'>C.</span> <span class='ocrx_word' id='word_1_389' title='bbox 2078 247 2146 274; x_wconf 80' lang='lat'><strong>1698</strong></span> 
     </span>
    </p>
   </div>
   <div class='ocr_carea' id='block_1_13' title="bbox 2002 1855 2125 1876">
    <p class='ocr_par' dir='ltr' id='par_1_14' title="bbox 2002 1855 2125 1876">
     <span class='ocr_line' id='line_1_83' title="bbox 2002 1855 2125 1876; baseline 0 0"><span class='ocrx_word' id='word_1_390' title='bbox 2002 1855 2125 1876; x_wconf 77' lang='lat' dir='ltr'>clausulae.</span> 
     </span>
    </p>
   </div>
   <div class='ocr_carea' id='block_1_14' title="bbox 1223 1901 2017 1943">
    <p class='ocr_par' dir='ltr' id='par_1_15' title="bbox 1223 1901 2017 1943">
     <span class='ocr_line' id='line_1_84' title="bbox 1223 1901 2017 1943; baseline -0.004 -8"><span class='ocrx_word' id='word_1_391' title='bbox 1223 1903 1359 1941; x_wconf 85' lang='lat' dir='ltr'>litteras,</span> <span class='ocrx_word' id='word_1_392' title='bbox 1379 1901 1460 1935; x_wconf 90' lang='lat' dir='ltr'>etin</span> <span class='ocrx_word' id='word_1_393' title='bbox 1486 1901 1533 1934; x_wconf 85' lang='lat' dir='ltr'>cis</span> <span class='ocrx_word' id='word_1_394' title='bbox 1559 1905 1713 1934; x_wconf 85' lang='lat' dir='ltr'>contenta</span> <span class='ocrx_word' id='word_1_395' title='bbox 1729 1909 1966 1943; x_wconf 86' lang='lat' dir='ltr'>quaecumque,</span> <span class='ocrx_word' id='word_1_396' title='bbox 2014 1903 2017 1905; x_wconf 72' lang='grc'><strong>’</strong></span> 
     </span>
    </p>
   </div>
   <div class='ocr_carea' id='block_1_15' title="bbox 1223 1953 1969 2696">
    <p class='ocr_par' dir='ltr' id='par_1_16' title="bbox 1223 1953 1969 2696">
     <span class='ocr_line' id='line_1_85' title="bbox 1224 1953 1964 1998; baseline -0.003 -9"><span class='ocrx_word' id='word_1_397' title='bbox 1224 1956 1318 1989; x_wconf 86' lang='lat' dir='ltr'>etiam</span> <span class='ocrx_word' id='word_1_398' title='bbox 1347 1967 1382 1989; x_wconf 85' lang='lat' dir='ltr'>ex</span> <span class='ocrx_word' id='word_1_399' title='bbox 1409 1966 1447 1988; x_wconf 89' lang='lat' dir='ltr'>eo</span> <span class='ocrx_word' id='word_1_400' title='bbox 1480 1955 1566 1998; x_wconf 88' lang='lat' dir='ltr'>quod</span> <span class='ocrx_word' id='word_1_401' title='bbox 1593 1955 1624 1987; x_wconf 93' lang='lat' dir='ltr'>in</span> <span class='ocrx_word' id='word_1_402' title='bbox 1658 1953 1847 1997; x_wconf 87' lang='lat' dir='ltr'>praemissis</span> <span class='ocrx_word' id='word_1_403' title='bbox 1877 1953 1964 1987; x_wconf 87' lang='lat' dir='ltr'>iute-</span> 
     </span>
     <span class='ocr_line' id='line_1_86' title="bbox 1225 2008 1968 2050; baseline -0.004 -7"><span class='ocrx_word' id='word_1_404' title='bbox 1225 2021 1315 2043; x_wconf 86' lang='lat' dir='ltr'>resse</span> <span class='ocrx_word' id='word_1_405' title='bbox 1354 2010 1537 2047; x_wconf 85' lang='lat' dir='ltr'>habentes,</span> <span class='ocrx_word' id='word_1_406' title='bbox 1567 2019 1623 2041; x_wconf 89' lang='lat' dir='ltr'>seu</span> <span class='ocrx_word' id='word_1_407' title='bbox 1649 2008 1770 2041; x_wconf 86' lang='lat' dir='ltr'>habere</span> <span class='ocrx_word' id='word_1_408' title='bbox 1789 2008 1968 2050; x_wconf 87' lang='lat' dir='ltr'>quomodo-</span> 
     </span>
     <span class='ocr_line' id='line_1_87' title="bbox 1224 2061 1968 2107; baseline -0.004 -11"><span class='ocrx_word' id='word_1_409' title='bbox 1224 2063 1304 2097; x_wconf 87' lang='lat' dir='ltr'>libet</span> <span class='ocrx_word' id='word_1_410' title='bbox 1318 2063 1581 2107; x_wconf 85' lang='lat' dir='ltr'>praetendentes,</span> <span class='ocrx_word' id='word_1_411' title='bbox 1609 2061 1749 2094; x_wconf 88' lang='lat' dir='ltr'>cuiusvis</span> <span class='ocrx_word' id='word_1_412' title='bbox 1767 2066 1881 2101; x_wconf 86' lang='lat' dir='ltr'>status,</span> <span class='ocrx_word' id='word_1_413' title='bbox 1901 2071 1968 2104; x_wconf 83' lang='lat' dir='ltr'>gra-</span> 
     </span>
     <span class='ocr_line' id='line_1_88' title="bbox 1224 2113 1968 2158; baseline -0.007 -8"><span class='ocrx_word' id='word_1_414' title='bbox 1224 2117 1293 2156; x_wconf 80' lang='lat' dir='ltr'>dus,</span> <span class='ocrx_word' id='word_1_415' title='bbox 1322 2115 1458 2154; x_wconf 86' lang='lat' dir='ltr'>ordinis,</span> <span class='ocrx_word' id='word_1_416' title='bbox 1496 2114 1774 2158; x_wconf 86' lang='lat' dir='ltr'>praeeminentiae</span> <span class='ocrx_word' id='word_1_417' title='bbox 1806 2119 1837 2146; x_wconf 91' lang='lat' dir='ltr'>et</span> <span class='ocrx_word' id='word_1_418' title='bbox 1862 2113 1968 2156; x_wconf 83' lang='lat' dir='ltr'>digni-</span> 
     </span>
     <span class='ocr_line' id='line_1_89' title="bbox 1223 2167 1966 2207; baseline -0.004 -5"><span class='ocrx_word' id='word_1_419' title='bbox 1223 2170 1296 2203; x_wconf 86' lang='lat' dir='ltr'>tatis</span> <span class='ocrx_word' id='word_1_420' title='bbox 1323 2169 1470 2207; x_wconf 62' lang='lat' dir='ltr'>existant,</span> <span class='ocrx_word' id='word_1_421' title='bbox 1489 2167 1585 2200; x_wconf 90' lang='lat' dir='ltr'>etiam</span> <span class='ocrx_word' id='word_1_422' title='bbox 1605 2167 1824 2200; x_wconf 86' lang='lat' dir='ltr'>cardinalatus</span> <span class='ocrx_word' id='word_1_423' title='bbox 1842 2167 1966 2200; x_wconf 84' lang='lat' dir='ltr'>bonore</span> 
     </span>
     <span class='ocr_line' id='line_1_90' title="bbox 1224 2219 1968 2266; baseline -0.005 -10"><span class='ocrx_word' id='word_1_424' title='bbox 1224 2224 1398 2266; x_wconf 78' lang='lat' dir='ltr'>fulgentes,</span> <span class='ocrx_word' id='word_1_425' title='bbox 1413 2227 1443 2254; x_wconf 90' lang='lat' dir='ltr'>et</span> <span class='ocrx_word' id='word_1_426' title='bbox 1468 2221 1547 2254; x_wconf 74' lang='lat' dir='ltr'>alias</span> <span class='ocrx_word' id='word_1_427' title='bbox 1573 2219 1727 2263; x_wconf 75' lang='lat' dir='ltr'>specifica</span> <span class='ocrx_word' id='word_1_428' title='bbox 1745 2225 1776 2252; x_wconf 86' lang='lat' dir='ltr'>et</span> <span class='ocrx_word' id='word_1_429' title='bbox 1801 2219 1968 2252; x_wconf 76' lang='lat' dir='ltr'>individua</span> 
     </span>
     <span class='ocr_line' id='line_1_91' title="bbox 1224 2273 1966 2317; baseline -0.007 -7"><span class='ocrx_word' id='word_1_430' title='bbox 1224 2277 1391 2310; x_wconf 87' lang='lat' dir='ltr'>mentione</span> <span class='ocrx_word' id='word_1_431' title='bbox 1418 2275 1516 2317; x_wconf 71' lang='lat' dir='ltr'>digni,</span> <span class='ocrx_word' id='word_1_432' title='bbox 1543 2275 1608 2307; x_wconf 92' lang='lat' dir='ltr'>illis</span> <span class='ocrx_word' id='word_1_433' title='bbox 1634 2284 1700 2307; x_wconf 91' lang='lat' dir='ltr'>non</span> <span class='ocrx_word' id='word_1_434' title='bbox 1726 2273 1966 2313; x_wconf 87' lang='lat' dir='ltr'>consenserint,</span> 
     </span>
     <span class='ocr_line' id='line_1_92' title="bbox 1224 2326 1968 2370; baseline -0.005 -7"><span class='ocrx_word' id='word_1_435' title='bbox 1224 2340 1284 2364; x_wconf 87' lang='lat' dir='ltr'>nec</span> <span class='ocrx_word' id='word_1_436' title='bbox 1310 2331 1349 2363; x_wconf 88' lang='lat' dir='ltr'>ad</span> <span class='ocrx_word' id='word_1_437' title='bbox 1376 2340 1414 2362; x_wconf 87' lang='lat' dir='ltr'>ea</span> <span class='ocrx_word' id='word_1_438' title='bbox 1439 2328 1552 2368; x_wconf 86' lang='lat' dir='ltr'>vocati,</span> <span class='ocrx_word' id='word_1_439' title='bbox 1571 2327 1659 2360; x_wconf 91' lang='lat' dir='ltr'>citati</span> <span class='ocrx_word' id='word_1_440' title='bbox 1682 2332 1713 2360; x_wconf 88' lang='lat' dir='ltr'>et</span> <span class='ocrx_word' id='word_1_441' title='bbox 1730 2326 1840 2365; x_wconf 87' lang='lat' dir='ltr'>auditi,</span> <span class='ocrx_word' id='word_1_442' title='bbox 1862 2337 1968 2370; x_wconf 85' lang='lat' dir='ltr'>neque</span> 
     </span>
     <span class='ocr_line' id='line_1_93' title="bbox 1224 2384 1965 2426; baseline -0.005 -10"><span class='ocrx_word' id='word_1_443' title='bbox 1224 2394 1348 2422; x_wconf 87' lang='lat' dir='ltr'>causae,</span> <span class='ocrx_word' id='word_1_444' title='bbox 1365 2389 1499 2426; x_wconf 86' lang='lat' dir='ltr'>propter</span> <span class='ocrx_word' id='word_1_445' title='bbox 1517 2391 1596 2424; x_wconf 88' lang='lat' dir='ltr'>quas</span> <span class='ocrx_word' id='word_1_446' title='bbox 1623 2384 1811 2423; x_wconf 85' lang='lat' dir='ltr'>praesentes</span> <span class='ocrx_word' id='word_1_447' title='bbox 1840 2390 1965 2412; x_wconf 87' lang='lat' dir='ltr'>emana-</span> 
     </span>
     <span class='ocr_line' id='line_1_94' title="bbox 1225 2432 1969 2476; baseline -0.005 -7"><span class='ocrx_word' id='word_1_448' title='bbox 1225 2437 1298 2476; x_wconf 84' lang='lat' dir='ltr'>rint,</span> <span class='ocrx_word' id='word_1_449' title='bbox 1313 2436 1515 2469; x_wconf 82' lang='lat' dir='ltr'>sufficienter</span> <span class='ocrx_word' id='word_1_450' title='bbox 1540 2434 1711 2473; x_wconf 83' lang='lat' dir='ltr'>adductae,</span> <span class='ocrx_word' id='word_1_451' title='bbox 1731 2432 1916 2466; x_wconf 80' lang='lat' dir='ltr'>verifieatae</span> <span class='ocrx_word' id='word_1_452' title='bbox 1935 2438 1969 2465; x_wconf 88' lang='lat' dir='ltr'>et</span> 
     </span>
     <span class='ocr_line' id='line_1_95' title="bbox 1224 2487 1969 2531; baseline -0.005 -7"><span class='ocrx_word' id='word_1_453' title='bbox 1224 2490 1411 2524; x_wconf 81' lang='lat' dir='ltr'>iustificatae</span> <span class='ocrx_word' id='word_1_454' title='bbox 1438 2500 1502 2522; x_wconf 91' lang='lat' dir='ltr'>non</span> <span class='ocrx_word' id='word_1_455' title='bbox 1520 2488 1654 2527; x_wconf 81' lang='lat' dir='ltr'>fuerint,</span> <span class='ocrx_word' id='word_1_456' title='bbox 1675 2492 1728 2519; x_wconf 91' lang='lat' dir='ltr'>aut</span> <span class='ocrx_word' id='word_1_457' title='bbox 1745 2497 1782 2520; x_wconf 83' lang='lat' dir='ltr'>ex</span> <span class='ocrx_word' id='word_1_458' title='bbox 1805 2487 1865 2520; x_wconf 83' lang='lat' dir='ltr'>alia</span> <span class='ocrx_word' id='word_1_459' title='bbox 1891 2498 1969 2531; x_wconf 89' lang='lat' dir='ltr'>qua-</span> 
     </span>
     <span class='ocr_line' id='line_1_96' title="bbox 1225 2540 1968 2588; baseline -0.008 -10"><span class='ocrx_word' id='word_1_460' title='bbox 1225 2555 1362 2588; x_wconf 89' lang='lat' dir='ltr'>cumque</span> <span class='ocrx_word' id='word_1_461' title='bbox 1390 2543 1485 2576; x_wconf 85' lang='lat' dir='ltr'>etiam</span> <span class='ocrx_word' id='word_1_462' title='bbox 1512 2541 1719 2585; x_wconf 77' lang='lat' dir='ltr'>quantumvis</span> <span class='ocrx_word' id='word_1_463' title='bbox 1746 2540 1894 2580; x_wconf 66' lang='lat' dir='ltr'>niratica,</span> <span class='ocrx_word' id='word_1_464' title='bbox 1913 2540 1968 2584; x_wconf 79' lang='lat' dir='ltr'>pia</span> 
     </span>
     <span class='ocr_line' id='line_1_97' title="bbox 1226 2595 1966 2641; baseline -0.007 -10"><span class='ocrx_word' id='word_1_465' title='bbox 1226 2603 1256 2631; x_wconf 88' lang='lat' dir='ltr'>et</span> <span class='ocrx_word' id='word_1_466' title='bbox 1282 2597 1487 2641; x_wconf 78' lang='lat' dir='ltr'>privilegiata</span> <span class='ocrx_word' id='word_1_467' title='bbox 1512 2597 1620 2635; x_wconf 81' lang='lat' dir='ltr'>causa,</span> <span class='ocrx_word' id='word_1_468' title='bbox 1648 2595 1769 2635; x_wconf 88' lang='lat' dir='ltr'>colore,</span> <span class='ocrx_word' id='word_1_469' title='bbox 1795 2599 1966 2638; x_wconf 85' lang='lat' dir='ltr'>praetextu</span> 
     </span>
     <span class='ocr_line' id='line_1_98' title="bbox 1227 2649 1966 2696; baseline -0.005 -11"><span class='ocrx_word' id='word_1_470' title='bbox 1227 2657 1259 2685; x_wconf 90' lang='lat' dir='ltr'>et</span> <span class='ocrx_word' id='word_1_471' title='bbox 1284 2652 1399 2696; x_wconf 86' lang='lat' dir='ltr'>capite,</span> <span class='ocrx_word' id='word_1_472' title='bbox 1419 2650 1516 2684; x_wconf 89' lang='lat' dir='ltr'>etiam</span> <span class='ocrx_word' id='word_1_473' title='bbox 1535 2649 1567 2682; x_wconf 92' lang='lat' dir='ltr'>in</span> <span class='ocrx_word' id='word_1_474' title='bbox 1585 2659 1723 2694; x_wconf 86' lang='lat' dir='ltr'>corpore</span> <span class='ocrx_word' id='word_1_475' title='bbox 1742 2649 1820 2682; x_wconf 88' lang='lat' dir='ltr'>iuris</span> <span class='ocrx_word' id='word_1_476' title='bbox 1847 2649 1966 2688; x_wconf 88' lang='lat' dir='ltr'>clauso,</span> 
     </span>
    </p>
   </div>
   <div class='ocr_carea' id='block_1_16' title="bbox 2229 0 2254 1156">
    <p class='ocr_par' dir='ltr' id='par_1_17' title="bbox 2229 0 2254 1156">
     <span class='ocr_line' id='line_1_99' title="bbox 2229 0 2254 1156; baseline 0 0"><span class='ocrx_word' id='word_1_477' title='bbox 2229 0 2254 1156; x_wconf 95' lang='lat' dir='ltr'> </span> 
     </span>
    </p>
   </div>
  </div>
 </body>
</html>
