2227 3225
95 273 149 300 An.
164 272 193 300 C.
215 273 284 301 1700

286 321 430 363 reiectis,
459 323 508 355 vel
545 322 679 355 forsitan
717 323 749 355 in
788 322 932 354 futurum
967 333 1027 365 pro

286 376 495 409 excusatione
523 375 715 418 allegandis,
732 376 1028 419 comprehendere,

286 434 318 462 et
343 429 383 462 ad
409 439 501 462 casus
521 430 628 469 etiam,
654 429 686 462 in
709 429 828 472 quibus
846 439 906 472 pro
928 429 1029 471 gratia

287 483 334 515 vel
361 482 486 515 iustitia
511 483 595 526 apud
618 493 841 526 quoscumque
861 488 950 515 extra
969 482 1030 514 llo-

286 545 413 568 manam
438 535 566 568 Curiam
592 537 632 568 ab
654 536 840 578 Apostolica
865 535 957 574 Sede,
979 536 1029 568 vel

286 588 326 621 ab
351 589 525 622 ordinariis
559 589 705 622 eiusdem
731 590 892 622 Romanae
918 589 1030 622 Curiae

287 641 461 681 iudicibus,
495 648 550 675 aut
581 643 678 675 etiam
705 643 913 685 Apostolicae
938 643 1031 675 Sedis

288 695 421 735 nuntiis,
444 696 571 738 legatis,
586 696 684 728 etiam
711 696 750 728 de
776 697 937 734 late1·e,et
961 706 1032 737 pro-

288 749 403 792 tegatis
434 749 622 792 specialiter
647 749 817 791 delegatos
851 749 1032 781 obtinenda

288 812 422 835 munera
457 802 490 834 in
527 802 620 835 Curia
657 802 731 835 data
763 803 812 834 vel
846 801 1032 834 necessaria

289 864 360 887 esse
394 865 452 898 pro
488 855 719 898 comparandis
757 854 920 886 favoribus
946 854 1031 897 apud

287 908 421 942 eosdem
446 909 614 951 delegatos
648 910 698 942 vel
724 908 840 941 litteris
866 918 1032 941 commen-

287 962 398 1002 datiis,
426 962 523 995 etiam
548 968 723 1005 antequam
749 961 840 1005 post¹
863 961 1031 994 obtentam

287 1015 422 1059 gratiam
456 1015 521 1049 sive
555 1015 723 1055 iustitiam,
754 1015 849 1048 etiam
876 1016 935 1047 sub
962 1015 1032 1058 qui-

286 1070 492 1112 buscumque
534 1070 630 1102 modo
661 1069 757 1102 licitis
791 1069 1031 1112 praetextibus,

287 1123 538 1167 quomodolibet
571 1123 704 1163 dictum,
737 1124 902 1166 scriptum,
929 1133 1033 1155 asser-

288 1182 356 1209 tum
390 1182 422 1209 et
452 1176 654 1209 insinuatum
691 1177 801 1216 suerit,
837 1176 976 1217 extendi,
1003 1182 1033 1209 et

288 1231 398 1264 locum
417 1230 549 1269 habere,
573 1231 688 1263 harum
714 1230 798 1263 serie
824 1230 1032 1263 decernimus

289 1290 321 1317 et
347 1283 562 1317 declaramus.

120 1347 278 1372 Adiectiopoe-
332 1338 347 1380 ἓ
371 1337 403 1371 3.
431 1337 719 1370 Contravenientes
755 1348 829 1370 vero
856 1337 954 1380 (ultra
981 1347 1033 1369 ex-

92 1379 596 1425 lii'ss'd'nsssshffff‘ff'communicationis
619 1391 726 1423 eidem
743 1390 816 1423 Sedi
836 1395 1033 1430 reservatae,

92 1431 277 1483 St'lssffflffl'ssssss
288 1444 481 1489 privationis
499 1444 735 1486 cuiuscumque
754 1443 903 1476 beneficii
930 1449 962 1476 et
986 1444 1034 1476 os-

92 1483 243 1504 ”v‘fflm'm'
287 1498 352 1530 ficii
386 1496 601 1530 ecclesiastici
628 1502 660 1530 et
683 1497 872 1537 saecularis,
909 1501 1033 1540 tempo-

288 1550 365 1584 ralis
391 1550 458 1583 sive
483 1550 643 1593 perpetui,
671 1561 707 1583 ac
732 1550 884 1583 infamiae
909 1560 1032 1593 poenas

288 1605 321 1637 in
338 1603 485 1647 praefata
502 1603 679 1636 Alexandri
697 1603 933 1637 constitutione
955 1614 1032 1637 con-

287 1658 406 1700 tentas)
426 1657 522 1691 etiam
540 1657 727 1690 amissionis
745 1668 803 1690 seu
825 1658 1031 1691 extinctionis

288 1711 434 1744 omnium
459 1716 492 1743 et
516 1710 720 1752 singularum
757 1711 954 1754 pensionum
981 1722 1031 1744 ec-

288 1763 541 1797 clesiasticarum
568 1764 701 1797 forsitan
719 1766 940 1805 obtentarum,
961 1776 1032 1798 nec-

286 1827 354 1850 non
372 1817 457 1857 salsi,
476 1816 552 1848 furti
569 1822 600 1849 et
616 1817 808 1850 iniuriarum
827 1818 1031 1860 magistratui

288 1870 423 1915 publico
457 1870 631 1911 illatarum,
664 1875 728 1903 tam
761 1871 831 1903 iure
867 1872 1030 1905 communi

287 1934 382 1967 quam
401 1923 590 1967 apostolicis
607 1924 894 1957 constitutionibus
913 1925 1032 1958 ethan-

286 1976 441 2010 nimentis
467 1977 678 2020 generalibus
708 1977 814 2010 Status
845 1978 952 2011 nostri
977 1978 1031 2011 Ec-

287 2030 461 2064 clesiastici
497 2031 660 2063 contentis
699 2031 815 2074 poeuis
841 2031 967 2073 teneri,
1001 2038 1032 2065 et

287 2090 452 2129 tamquam
489 2095 582 2117 veros
620 2085 707 2118 sures
741 2091 772 2118 et
814 2086 959 2119 falsarios
995 2097 1031 2120 ac

285 2138 490 2182 magistratui
515 2138 668 2171 iniuriam
696 2138 877 2172 inserentes
902 2139 1029 2183 puniri,

285 2191 484 2236 principales
517 2201 592 2224 vero
617 2196 649 2224 et
674 2194 941 2235 corresponsales
977 2204 1031 2225 cu-

285 2245 478 2288 iuscumque
503 2244 671 2287 dignitatis
688 2250 718 2277 et
736 2245 946 2285 conditionis,
965 2251 1029 2278 tam

285 2299 472 2331 saeculares
506 2308 602 2340 quam
639 2298 889 2339 ecclesiasticos,
916 2305 946 2332 et
977 2309 1032 2331 cu·

285 2351 385 2384 iusvis
417 2350 548 2384 Ordinis
586 2361 645 2383 seu
682 2351 821 2384 instituti
853 2353 1028 2395 regulares,

287 2404 384 2438 etiam
409 2404 524 2447 vigore
544 2415 825 2449 quorumcumque
842 2405 1031 2449 privilegio-

287 2467 358 2490 rum
396 2458 585 2502 specialiter
624 2459 852 2500 nominandos,
893 2460 1031 2493 ubilibet

287 2510 472 2552 existentes,
491 2517 522 2544 et
539 2512 713 2555 pecuniam
740 2513 911 2553 solventes,
931 2518 1030 2545 trans-

286 2564 471 2605 mittentes,
497 2571 552 2598 aut
572 2565 653 2599 solvi
686 2571 718 2599 et
741 2566 913 2599 transmitti
940 2577 1030 2600 man-

286 2616 413 2658 dantes,
429 2617 551 2652 directe
569 2620 619 2653 vel
637 2619 804 2661 indirecte,
820 2620 859 2653 ad
880 2619 1029 2654 ellectum

319 2679 334 2708 1
356 2679 457 2708 Forsan
476 2679 586 2716 legend.
603 2681 692 2711 etiam
707 2685 775 2710 ante
790 2683 831 2711 vel
843 2685 907 2719 pose
921 2684 960 2718 (a.
977 2683 1026 2720 T.).

868 274 1077 298 INNOCENTIUS
1103 274 1145 297 §.11
1170 274 1217 298 Pr.

1706 267 1770 301 9¹9
1817 278 1869 304 Λη.
1890 277 1917 304 c.
1938 276 2006 303 ¹700

1073 322 1170 355 dandi
1208 331 1343 354 munera
1379 323 1428 355 vel
1456 325 1643 357 eorumdem
1676 325 1815 368 pretium

1072 386 1130 418 pro
1156 375 1316 408 ministris
1347 376 1469 418 gratiae
1502 378 1551 409 vel
1578 377 1719 411 iustitiae
1753 384 1815 412 tam

1074 427 1104 460 in
1125 428 1217 461 Curia
1236 429 1452 461 existentibus
1469 440 1564 472 quam
1583 437 1671 463 extra
1688 431 1815 465 Curiam

1074 480 1123 513 ut¹
1152 492 1249 525 supra
1286 482 1461 525 delegatis,
1487 484 1577 516 nullo
1604 494 1639 515 ex
1666 485 1816 527 superius

1074 535 1204 568 reiectis
1221 537 1272 568 vel
1292 537 1370 569 alitis
1389 537 1497 569 forsan
1523 537 1582 569 sub
1609 548 1816 580 quocumque

1075 589 1219 632 quaesito
1246 591 1358 622 colore
1384 590 1416 622 in
1441 596 1611 633 posterum
1638 591 1817 632 allegandis

1074 643 1298 686 praetextibus
1317 654 1372 675 cos
1390 649 1562 676 excusante
1579 644 1675 685 (ultra
1693 654 1818 687 poenas

1076 695 1106 727 in
1126 695 1210 728 dicta
1228 695 1402 728 Alexandri
1429 696 1661 729 constitutione
1687 702 1819 730 conten—

1077 749 1149 791 tas),
1182 749 1278 782 etiam
1305 749 1462 782 nullitatis
1486 749 1557 793 ipso
1586 750 1656 781 iure
1683 749 1816 792 gratiae,

1076 801 1208 841 decreti,
1234 802 1387 845 rescripti
1413 803 1463 835 vel
1489 803 1679 843 sentcntiae,
1698 802 1763 836 imo
1788 808 1818 836 et

1076 855 1265 887 amissionis
1291 865 1414 894 causae,
1438 856 1554 888 crediti
1578 857 1627 888 vel
1654 855 1745 897 iuris,
1770 867 1819 889 su-

1076 918 1135 951 per
1175 919 1237 951 quo
1273 908 1311 941 lis
1350 910 1528 952 agebatur,
1566 919 1602 942 ac
1638 914 1818 953 perpetuae

1077 962 1294 995 inhabilitatis
1331 963 1369 995 ad
1407 974 1631 1006 quaecumque
1659 963 1818 996 beneficia

1077 1015 1296 1048 ecclesiastica
1316 1016 1412 1049 etiam
1431 1017 1469 1049 de
1489 1017 1752 1060 iurepatronatus
1767 1017 1819 1050 lai-

1076 1079 1199 1109 corum,
1221 1074 1249 1101 et
1269 1069 1306 1101 ad
1326 1069 1405 1102 alias
1424 1080 1644 1113 quascumque
1664 1071 1783 1112 gratias
1801 1082 1818 1103 a

1076 1122 1157 1155 Sede
1187 1123 1332 1165 praefata
1360 1123 1392 1154 in
1422 1129 1588 1165 posterum
1608 1123 1815 1163 obtinenda&

1077 1175 1243 1208 incurrere
1260 1187 1267 1215 ;
1295 1176 1360 1208 imo
1379 1176 1459 1208 etin
1478 1177 1615 1219 singulis
1641 1177 1818 1220 praedictis

1077 1228 1204 1261 casibus
1236 1229 1337 1261 solum
1371 1236 1521 1262 conatum
1555 1231 1594 1263 ad
1631 1233 1817 1265 earumdem

1076 1293 1256 1327 poenarum
1291 1283 1455 1316 incursum
1488 1284 1658 1326 sufficere,
1693 1286 1817 1319 etiamsi

1077 1336 1235 1380 pecuniae
1268 1337 1476 1369 transmissae
1506 1347 1570 1369 non
1600 1337 1729 1379 suerint,
1763 1340 1818 1372 sed

1078 1395 1201 1422 tantum
1219 1390 1349 1430 notulis,
1373 1390 1534 1433 epistolis,
1554 1397 1605 1423 aut
1634 1392 1714 1424 alias
1740 1403 1819 1435 quo-

1076 1443 1260 1476 modolibet
1290 1454 1306 1475 a
1338 1444 1576 1487 principalibus
1608 1445 1639 1477 in
1673 1446 1819 1488 partibus

1076 1497 1200 1541 petitae
1229 1497 1278 1529 vel
1308 1497 1346 1529 ab
1376 1497 1491 1530 iisdem
1516 1498 1754 1542 principalibus
1773 1510 1821 1533 re-

1076 1550 1219 1594 spective
1246 1550 1374 1582 oblatae
1401 1550 1579 1593 (omnibus,
1598 1551 1652 1594 qui
1678 1563 1746 1585 rem
1770 1553 1822 1585 ad-

1076 1605 1139 1637 huc
1164 1603 1374 1646 incognitam,
1400 1604 1660 1648 complicesque,
1681 1606 1821 1640 fautores

1077 1664 1108 1692 et
1126 1658 1233 1692 socios
1254 1657 1444 1698 retexerint,
1464 1658 1657 1702 impunitate
1685 1671 1821 1693 conces-

1076 1713 1124 1755 sa)
1144 1712 1315 1744 statuimus
1333 1717 1432 1755 atque
1451 1713 1673 1746 decernimus.
1690 1713 1821 1757 Episco-

1075 1775 1134 1808 pos
1163 1771 1284 1804 autem,
1315 1765 1599 1809 archiepiscopos,
1630 1765 1819 1810 similesque

1075 1828 1235 1862 personas
1256 1820 1361 1861 poena
1379 1818 1548 1851 dumtaxat
1572 1819 1605 1852 in
1636 1819 1721 1852 dicta
1746 1821 1821 1854 Ale-

1074 1872 1188 1904 xandri
1221 1871 1452 1904 constitutione
1492 1872 1681 1915 specificata
1716 1875 1819 1907 teneri

1074 1926 1223 1957 volumus
1263 1929 1295 1956 et
1333 1924 1545 1958 mandamus.
1588 1926 1820 1959 Revelantibus

1074 1989 1150 2011 vero
1173 1989 1228 2011 seu
1251 1978 1546 2019 denunciantibus,
1573 1979 1750 2013 dummodo
1776 1981 1821 2014 in-

1075 2032 1159 2066 dicia
1185 2033 1302 2065 saltem
1329 2032 1368 2064 ad
1394 2037 1553 2065 torturam
1578 2034 1629 2066 vel
1656 2034 1695 2066 ad
1721 2039 1820 2068 trans-

1074 2085 1266 2118 mittendam
1293 2085 1541 2128 inquisitionem
1569 2092 1682 2120 contra
1707 2093 1820 2121 contu-

1074 2149 1181 2172 maces
1201 2138 1396 2172 sufficientia
1413 2139 1745 2182 subministraverint,
1762 2142 1820 2175 du-

1074 2198 1243 2226 centorum
1281 2193 1471 2226 ducatorum
1507 2193 1575 2226 auri
1612 2194 1651 2227 de
1684 2194 1818 2229 camera

1073 2247 1254 2290 praemium
1281 2257 1316 2278 ex
1344 2247 1457 2279 eadem
1477 2246 1610 2280 Camera
1627 2251 1739 2282 nostra
1755 2250 1820 2283 sol-

1073 2300 1214 2332 vendum
1234 2299 1461 2332 constituimus
1480 2304 1512 2332 et
1528 2300 1748 2342 assignamus.

1118 2353 1132 2396 §
1157 2352 1188 2385 4.
1217 2353 1254 2385 Et
1279 2358 1315 2385 ut
1339 2353 1370 2386 in
1395 2359 1565 2396 posterum
1592 2355 1684 2388 facile
1717 2366 1818 2399 appa-
1841 2364 2011 2389 Caum-setae·

1073 2417 1146 2440 rere
1171 2408 1278 2440 valeat
1304 2407 1436 2450 quinam
1462 2407 1526 2440 sint
1554 2408 1601 2441 illi
1633 2409 1687 2451 qui
1713 2409 1745 2442 in
1772 2393 1896 2463 ta-{i{i=ff⁵
1916 2394 2012 2436 [e'wmiif

1074 2460 1159 2493 libus
1196 2460 1319 2493 notulis
1358 2466 1390 2493 et
1425 2460 1508 2494 listis
1546 2462 1726 2502 excedunt,
1765 2450 1891 2506 velpitssss
1937 2452 1942 2463 ⁴
1984 2451 2012 2490 ³¹5

1073 2524 1279 2558 quocumque
1313 2514 1411 2547 modo
1445 2514 1703 2556 contraveniunt,
1728 2500 2011 2548 volu-ffiiss'rcain*iidefi

1073 2577 1144 2599 mus
1171 2572 1202 2600 et
1226 2567 1416 2600 mandamus
1450 2572 1485 2598 ut
1517 2567 1658 2609 quilibet
1693 2550 2011 2613 agensst-'lsss‘f'ss'utfflcssfltg

1073 2620 1243 2664 expeditor
1261 2620 1476 2664 negotiorum,
1495 2625 1594 2660 actor,
1613 2626 1814 2664 procurator,
1826 2608 1908 2628 poem*

1108 2684 1121 2711 1
1143 2683 1214 2711 Edit.
1232 2683 1310 2711 Maia.
1327 2683 1391 2719 legit
1410 2685 1436 2711 et
1450 2691 1499 2719 pro
1515 2686 1547 2712 ut
1560 2684 1599 2719 (R.
1615 2683 1664 2718 τ.).
