2227 3225
120 238 172 265 An.
187 237 217 265 C.
238 236 304 265 1691

902 234 1112 259 INNOCENTll'S
1138 234 1180 257 31ss
1205 233 1253 257 PF.

311 291 439 326 namur,
461 283 558 322 debet
582 285 620 318 ab
642 284 720 327 ipsis
745 282 875 316 interim
898 282 1047 316 constitui

311 338 450 372 vicarius
467 336 689 381 provincialis,
707 346 809 379 usque
829 336 867 369 ad
889 335 1050 368 delibera-

312 390 434 423 tionem
453 389 616 433 magistri;
642 399 683 422 nc
702 394 765 422 tam
783 390 882 432 longo
900 393 1049 431 tempore

312 443 478 486 provincia
501 453 558 476 suo
583 444 738 486 praesule
760 447 890 475 maneat
905 441 1048 474 viduata.

355 506 411 530 xri.
438 496 558 530 Electio
583 495 790 540 provincialis
822 495 907 528 intra
938 495 1068 538 Ilispa—'

312 549 399 582 niam
423 549 520 582 debet
543 548 744 593 praesentari
776 548 931 590 magistro
957 557 1052 589 gene-

314 601 374 634 rali
397 601 481 635 intra
505 601 670 644 sexaginta
695 601 773 642 dies,
791 601 870 634 alias
897 601 937 633 sit
961 601 1052 633 irrita

314 659 346 687 et
368 665 462 696 vana,
489 660 522 688 et
545 655 700 698 magister
731 653 892 697 generalis
925 658 1052 687 tenetur

313 707 403 741 illam
428 707 628 748 confirmare,
655 707 681 740 si
705 707 859 740 canonice
897 712 929 740 et
964 706 1053 739 iuxta

314 762 450 794 formam
475 761 744 795 constitutionum
780 761 861 794 sacta
885 761 942 802 sit,
968 760 1052 804 quod

315 815 341 847 si
367 815 510 848 renuerit
534 815 622 848 illam
648 813 853 855 confirmare,
886 824 998 847 causas
1024 819 1053 846 et

316 867 459 901 defectus
484 867 656 901 canonicos
682 878 759 910 erga
785 868 980 901 electionem
1005 868 1053 900 vel

317 929 491 963 personam
529 922 664 954 electam
702 922 909 954 manifestare
943 921 1052 954 debet.

316 974 505 1007 Provinciae
532 980 638 1007 autem
663 974 783 1008 Galliae
802 980 832 1007 et
848 974 956 1008 ltaliae
971 975 1056 1008 intra

316 1032 442 1071 tempus
460 1033 601 1072 quatuor
618 1029 777 1061 mensium
800 1033 952 1061 tenentur
968 1038 1058 1070 prae-

317 1088 446 1115 sentare
465 1093 574 1116 coram
592 1083 746 1125 magistro
765 1082 910 1126 generali
929 1082 1058 1115 electio-

317 1145 393 1168 nem
417 1135 465 1168 sui
491 1135 726 1178 provineialis3
753 1135 838 1178 quod
860 1135 884 1167 si
904 1135 988 1167 intra
1013 1134 1059 1168 di-

318 1193 405 1221 ctum
421 1194 548 1232 tempus
564 1188 651 1221 illam
669 1197 734 1221 non
750 1187 1056 1231 praesentaverint¹‚

317 1241 435 1274 electio
461 1242 501 1274 sit
527 1242 619 1275 irrita
644 1247 675 1275 et
708 1243 810 1275 nulla.
838 1241 1058 1274 provinciales

317 1304 394 1327 vero
420 1294 582 1327 indiarum
608 1305 625 1328 a
651 1295 770 1327 vicario
791 1294 936 1337 generali
954 1300 986 1326 et
1001 1304 1059 1337 po-

318 1351 388 1379 stea
412 1356 428 1378 a
452 1347 606 1389 magistro
628 1346 757 1381 Ordinis
778 1346 1058 1380 confirmationem

318 1404 440 1441 petant.

359 1462 429 1486 xm.
468 1445 745 1495 Quandocumque
784 1457 891 1485 autem
926 1451 1059 1485 nullitas

318 1505 488 1539 electionis
513 1506 612 1539 suerit
636 1517 653 1541 a
677 1506 830 1549 magistro
855 1506 1058 1545 declaranda,

318 1563 372 1592 aut
393 1559 603 1603 proxjincialis
629 1559 772 1603 alioquin
797 1570 832 1592 ex
860 1562 956 1592 causa
982 1559 1061 1601 legi-

319 1610 396 1644 tima
427 1611 660 1655 deponendus,
694 1622 858 1655 nunquam
895 1612 927 1645 id
965 1612 1060 1644 saciat

319 1673 379 1706 per
402 1664 512 1705 alium,
531 1665 587 1697 se'd
609 1675 667 1707 per
687 1675 721 1698 se
739 1665 859 1708 ipsum,
880 1665 966 1697 etde
984 1676 1058 1697 con1

318 1726 417 1750 sensu
442 1723 474 1750 et
497 1727 630 1750 assensu
648 1723 787 1761 quatuor
803 1728 839 1750 cx
858 1718 1061 1760 dignioribus

319 1770 482 1812 magistris
498 1770 567 1803 eius
584 1770 771 1813 provinciae
789 1771 843 1803 ubi
862 1772 1059 1814 reperiatur,

321 1823 408 1866 quod
445 1822 470 1855 si
508 1828 631 1856 tantum
669 1823 766 1856 suerit
800 1825 1059 1868 suspendendus,

320 1876 384 1917 duo
409 1881 533 1909 tantum
558 1887 595 1909 ex·
622 1877 797 1919 praedictis
824 1878 998 1912 sufficiant.

363 1939 427 1963 xlv.
453 1929 498 1962 De
521 1929 648 1962 vicariis
667 1935 773 1963 autem
796 1931 1011 1973 generalibus,
1031 1937 1062 1965 et

321 1982 513 2026 quibusdam
539 1983 609 2016 aliis
632 1984 686 2026 qui
711 1984 896 2017 huiusmodi
921 1985 1062 2028 capitulo

321 2034 353 2067 in
379 2035 525 2068 absentia
545 2036 693 2079 magistri
717 2037 938 2080 praesideant,
966 2048 1060 2080 quam

322 2092 354 2120 et
377 2088 516 2132 qualiter
541 2088 725 2121 facultatem
744 2089 867 2121 liabent
887 2089 919 2122 in
936 2090 1063 2133 praedi-

321 2142 382 2174 ctis
406 2147 438 2174 et
462 2141 546 2182 aliis,
572 2142 634 2174 iam
655 2143 836 2185 respective
861 2143 893 2175 in
919 2144 1061 2186 propriis

320 2194 402 2227 loeis
428 2194 525 2227 huius
562 2194 779 2228 distinctionis
804 2196 950 2239 superius
976 2197 1062 2229 ordi-

320 2253 430 2282 natum
465 2248 676 2291 relinquitur,
714 2254 746 2281 et
781 2249 814 2281 in
850 2250 1062 2293 sequentibus

322 2306 494 2334 statuetur.

365 2364 417 2387 xv.
445 2353 612 2397 Completa
645 2354 808 2388 electione
840 2355 1060 2398 provincialis,

323 2407 562 2451 quamprimum
579 2407 649 2440 fleri
666 2408 779 2451 possit,
801 2408 840 2441 ad
866 2409 1062 2441 electionem

323 2460 531 2493 definitorum
556 2461 743 2504 provinciae
769 2466 915 2494 transeat
940 2461 1064 2504 capitu·

322 2514 400 2546 lum.
427 2513 490 2546 llos
517 2519 655 2557 quatuor
672 2514 705 2546 in
721 2516 916 2557 unaquaque
934 2515 1063 2557 provin-

323 2565 372 2598 cial
395 2566 544 2598 constitui
570 2567 786 2607 decernimus,
804 2567 890 2600 viros
912 2567 1061 2609 equidem

360 2629 370 2653 1
393 2627 465 2654 Edit.
486 2627 564 2654 lllain.
587 2628 651 2663 legit
667 2629 900 2663 praesentaveris
920 2630 959 2663 (n.
977 2628 1026 2663 T.).

1092 282 1288 315 discretione
1313 291 1350 314 ac
1374 281 1443 314 zelo
1470 280 1509 313 ad
1529 280 1683 313 maiorem
1701 281 1830 323 provin-

1092 335 1158 367 ciae
1193 334 1364 367 utilitatem
1400 334 1588 376 bonumque
1617 340 1827 376 praestantes,

1092 393 1124 420 et
1148 387 1354 422 conditiones
1373 397 1444 430 cap.
1465 397 1517 420 xiv
1538 386 1635 418 huius
1656 386 1830 418 distinctio-

1092 441 1141 473 nis
1158 441 1329 480 habentes,
1344 449 1424 483 quos
1446 439 1559 472 eadem
1580 438 1689 478 forma,
1708 438 1833 471 scilicet

1092 503 1151 536 per
1175 492 1328 535 sutfragia
1349 497 1472 525 secreta
1496 497 1527 525 et
1552 502 1569 525 a
1593 497 1662 524 toto
1687 491 1831 534 capitulo

1094 547 1263 589 eligendos
1297 556 1369 579 csse
1405 545 1648 586 constituimus,
1684 545 1766 577 itaut
1800 544 1832 576 in

1094 600 1198 632 electo
1223 599 1326 632 maior
1350 609 1423 642 pars
1447 599 1619 632 medietate
1642 598 1833 640 eligentium

1095 654 1270 684 convenire
1285 652 1415 690 debeat,
1428 651 1612 694 servarique
1628 651 1738 684 onmia
1752 660 1833 694 quac

1096 705 1134 743 de
1161 705 1232 737 aliis
1259 704 1473 738 electionibus
1497 704 1646 748 superius
1664 714 1760 747 saepe
1786 704 1835 741 dc-

1097 758 1269 791 crevimus.

1140 822 1203 845 xv1.
1218 811 1251 844 ln
1270 811 1411 854 ipsorum
1431 811 1601 851 electione,
1620 810 1644 844 si
1663 816 1735 854 post
1751 811 1835 844 trina

1098 865 1254 898 scrutinia
1288 866 1414 898 vocales
1451 864 1627 904 admoniti,
1663 864 1769 897 adhuc
1803 864 1835 897 in

1099 923 1213 961 quarto
1239 917 1426 957 dissideant,
1448 918 1496 950 ius
1523 918 1663 962 eligendi
1688 917 1837 959 migrabit

1099 971 1130 1002 in
1149 970 1353 1014 praesidem3
1373 970 1462 1002 novis
1481 976 1588 1003 autem
1609 969 1836 1004 definitoribus

1100 1025 1221 1064 electis,
1239 1024 1366 1067 priores
1383 1024 1487 1057 subito
1506 1024 1663 1067 expirant,
1681 1029 1837 1056 eteorum

1100 1078 1206 1110 locum
1222 1082 1369 1110 recentes
1383 1081 1559 1118 assumant,
1577 1077 1686 1119 illique
1701 1077 1739 1109 ad
1755 1087 1837 1116 eum,

1100 1131 1154 1173 qui
1180 1131 1258 1163 alias
1283 1131 1321 1163 ad
1349 1129 1434 1172 ipsos
1460 1130 1583 1169 attinet,
1603 1130 1709 1162 statim
1732 1140 1839 1162 rever-

1102 1189 1218 1216 tantur.
1242 1183 1282 1215 Ex
1310 1183 1426 1226 quibus
1450 1182 1475 1215 si
1506 1183 1614 1215 forsan
1636 1182 1754 1225 aliquis
1773 1192 1838 1215 non

1099 1237 1274 1280 graduatus
1301 1236 1452 1275 extiterit,
1472 1236 1594 1268 nullam
1621 1235 1759 1278 amplius
1784 1246 1839 1268 vo-

1100 1300 1169 1322 cem
1204 1295 1257 1322 aut
1292 1289 1472 1331 ingressum
1510 1288 1629 1320 habeat
1665 1288 1696 1319 in
1729 1288 1838 1330 aliquo

1101 1349 1172 1375 actu
1199 1342 1354 1385 capituli,
1379 1352 1450 1374 cum
1477 1342 1539 1375 iam
1570 1341 1608 1374 ad
1634 1341 1714 1374 illud
1752 1342 1840 1376 nulla

1101 1396 1163 1429 alia
1187 1396 1311 1429 ratione
1332 1395 1506 1438 pertineat.

1144 1460 1223 1483 xvu.
1243 1448 1445 1492 Quicumque
1464 1453 1569 1482 autem
1587 1448 1620 1481 in
1638 1448 1840 1481 definitorem

1102 1503 1143 1535 sit
1168 1502 1279 1546 quovis
1304 1502 1402 1536 modo
1427 1507 1563 1541 creatus,
1591 1511 1733 1544 sequens
1759 1501 1842 1534 iura-

1102 1562 1247 1589 mentum
1283 1566 1381 1599 super
1417 1559 1501 1588 tacta
1533 1555 1702 1597 evangelia
1738 1555 1840 1587 facere

1103 1610 1199 1642 debet
1235 1609 1268 1641 in
1298 1608 1448 1641 manibus
1480 1607 1638 1651 praesidis
1663 1607 1840 1640 definitorii

1102 1663 1150 1695 rel
1176 1662 1331 1706 capituli,
1358 1661 1413 1704 qui
1439 1661 1486 1694 sic
1509 1661 1602 1693 illum
1636 1660 1840 1703 interroget:

1108 1728 1121 1747 α
1147 1716 1244 1756 luras,
1271 1715 1358 1758 quod
1387 1714 1563 1747 secundum
1588 1713 1688 1746 Deum
1714 1719 1745 1746 et
1770 1724 1842 1757 pro-

1103 1769 1477 1814 priamconscientiam,
1513 1774 1610 1811 atque
1647 1767 1733 1800 omni
1766 1768 1842 1801 odio

1104 1829 1136 1857 et
1157 1833 1266 1856 amore
1292 1822 1496 1866 postpositis,
1523 1832 1605 1865 quae
1626 1821 1668 1853 tui
1687 1826 1764 1853 sunt
1780 1831 1843 1853 mu-

1104 1877 1192 1910 neris
1218 1876 1399 1920 exequeris,
1426 1880 1456 1908 et
1473 1883 1538 1907 non
1556 1884 1769 1917 personarum
1788 1873 1842 1906 sed

1104 1930 1136 1962 in
1161 1930 1312 1964 omnibus
1329 1929 1430 1962 solius
1446 1927 1576 1962 Ordinis
1601 1932 1633 1960 et
1656 1927 1841 1970 provinciae

1104 1983 1192 2016 bono
1217 1982 1423 2026 prospicies?
1440 1993 1469 2013 n.
1498 1980 1569 2024 Ipse
1590 1990 1666 2013 vero
1692 1979 1843 2012 definitor

1105 2035 1316 2078 respondeat:
1341 2035 1430 2068 Iuro.

1147 2099 1236 2121 xvru.
1256 2088 1332 2121 Post
1348 2087 1526 2130 praefatam
1545 2085 1753 2119 definitorum
1772 2095 1843 2128 pro,

1105 2141 1230 2174 rint-iae
1251 2140 1458 2180 electionem,
1478 2140 1636 2183 procedat
1655 2138 1840 2171 immediate

1105 2193 1282 2237 capitulum
1318 2193 1358 2226 ad
1394 2191 1579 2225 definitores
1618 2196 1650 2224 et
1689 2192 1844 2224 electores

1105 2248 1274 2291 generales
1299 2247 1411 2280 eadem
1436 2246 1537 2279 forma
1562 2245 1731 2284 creandos,
1756 2245 1843 2277 viros

1105 2301 1234 2345 quidem
1268 2300 1441 2344 prudentia
1472 2305 1504 2333 et
1534 2298 1693 2342 religione
1718 2297 1845 2341 praedi·

1106 2360 1163 2395 tos,
1182 2359 1279 2398 atque
1305 2354 1400 2387 etiam
1425 2352 1669 2386 conditionibus
1693 2356 1729 2383 ut
1751 2361 1845 2393 supe-

1104 2408 1172 2440 rius
1199 2419 1271 2451 cap.
1298 2417 1349 2441 XIV
1379 2406 1475 2439 liuius
1500 2404 1719 2439 distinctionis
1737 2404 1844 2436 deela-

1105 2461 1199 2502 ratis,
1218 2461 1249 2493 in
1269 2460 1319 2493 his
1344 2466 1452 2494 autem
1478 2458 1702 2497 electionibus,
1721 2457 1744 2489 si
1768 2462 1843 2499 post

1106 2515 1166 2548 tria
1183 2514 1339 2548 scrutinia
1356 2514 1515 2546 electores
1533 2511 1688 2546 admoniti
1709 2510 1843 2542 ulterius

1105 2568 1138 2600 in
1164 2573 1278 2611 quarto
1311 2577 1376 2599 non
1402 2565 1604 2603 conveniant,
1630 2564 1676 2596 ris
1702 2562 1843 2604 eligendi

1083 2650 1085 2656 ,
1106 2623 1249 2651 transeat
1272 2617 1311 2650 ad
1336 2616 1519 2660 praesidem
1544 2615 1630 2647 illius
1654 2612 1797 2655 capituli.

1726 223 1791 257 355
1835 233 1886 260 An.
1901 233 1929 260 c.
1953 231 2017 258 uei
