2254 3225
226 245 275 269 An.
291 241 318 267 c.
342 241 404 268 1691
454 232 517 265 230

421 290 516 322 nibus
534 294 727 322 statutorum
749 287 991 330 disponentium
1019 286 1057 318 de
1083 285 1159 318 obli-

422 342 604 385 gationibus
629 340 940 379 cathedraticoru1n3
963 344 995 371 et
1015 339 1041 371 si
1066 349 1159 371 casus

422 395 567 428 evenerit
603 395 688 438 quod
725 394 842 436 aliquis
885 392 1005 435 privari
1043 391 1160 423 debeat

422 448 588 486 cathedra,
608 452 682 479 tunc
707 444 850 488 deputati
875 449 1046 477 teneantur
1069 442 1159 484 prius

423 502 499 534 dare
523 500 669 533 notitiam
695 498 812 531 vicario
830 496 974 539 generali
1000 495 1038 527 de
1065 495 1158 526 causa

423 555 464 587 ob
489 564 583 597 quam
609 552 783 596 privandus
809 550 862 582 sit.

467 618 510 640 v1.
544 605 698 648 Quodque
732 604 847 645 religio
877 603 967 635 illum
1000 611 1016 633 e
1050 605 1160 632 contra

423 664 564 703 nequeat
587 668 733 691 amovere
755 668 772 689 a
797 655 959 691 cathedra,
982 653 1040 685 nisi
1073 652 1160 695 prius

424 717 549 745 constet
573 710 733 754 deputatis
756 710 793 742 de
819 707 921 739 causis
946 705 1129 738 amotionis.

467 775 523 797 vlt.
551 764 626 796 Item
653 762 788 795 vicarius
820 759 981 802 generalis
1011 763 1043 790 et
1063 757 1160 790 abhas

425 818 463 851 ad
495 816 673 850 saciendam
707 811 1000 856 praesentationem
1032 810 1161 853 praedi-

426 876 508 903 ctam
534 874 658 911 tempus
683 867 823 899 habeant
847 865 943 897 trium
969 863 1126 896 mensium
1143 874 1160 895 a

426 924 477 956 die
499 921 688 955 vacationis.

470 985 536 1009 vut.
575 974 729 1016 Quodque
765 971 913 1014 provisus
954 970 1041 1003 intra
1082 969 1160 1003 duos

426 1039 552 1061 menses
591 1032 664 1070 post
700 1024 919 1068 provisionem
956 1023 1091 1065 gradum
1128 1023 1159 1055 in

425 1083 514 1114 sacra
540 1078 703 1120 theologia
728 1076 889 1119 suscipiat,
911 1076 988 1109 alias
1006 1076 1054 1108 ius
1074 1075 1161 1109 amit-

427 1140 470 1166 tat
489 1134 519 1165 in
538 1133 621 1165 dicta
645 1130 801 1163 cathedra
826 1135 857 1162 et
881 1129 1077 1172 procedatur
1101 1139 1160 1171 pro

425 1187 487 1219 alia
512 1184 707 1228 provisione,
733 1183 886 1226 quodque
912 1183 1001 1215 locus
1034 1181 1066 1213 in
1091 1182 1162 1213 uni-

425 1238 573 1271 versitate
600 1242 631 1269 et
656 1235 875 1268 functionibus
912 1234 1057 1266 eiusdem
1091 1244 1161 1266 esse

426 1291 542 1324 debeat
577 1290 695 1322 iuxtam
721 1288 943 1331 antiquitatem
972 1287 1090 1330 gradus
1114 1287 1161 1320 sui

427 1343 621 1376 doctoratus.

470 1405 511 1427 ix.
544 1394 648 1433 Item,
682 1392 767 1436 quod
806 1392 984 1425 monachus
1016 1396 1162 1424 teneatur

428 1449 536 1490 legere
556 1447 594 1479 ab
617 1447 696 1478 hoza
714 1448 799 1478 nona
817 1456 919 1488 usque
938 1446 975 1478 ad
995 1445 1160 1484 decimam,

428 1500 582 1543 quodque
611 1509 674 1532 non
704 1498 805 1541 possit
832 1500 940 1540 legere
969 1497 1030 1529 nisi
1061 1503 1162 1529 matc-

429 1553 491 1584 rias
530 1562 607 1594 quas
642 1550 852 1592 assignaverit
887 1549 1058 1582 consilium
1094 1549 1162 1581 uni-

429 1603 594 1642 versitatis,
616 1608 762 1635 teneatur
784 1603 956 1634 observare
980 1607 1109 1633 turnum
1132 1606 1162 1633 et

429 1658 615 1700 praesidere
647 1657 679 1689 in
706 1656 840 1689 materia
865 1656 903 1688 de
929 1666 992 1698 qua
1025 1655 1160 1697 legerit,

430 1712 525 1744 modo
551 1717 582 1744 et
606 1712 709 1744 forma
730 1710 845 1753 quibus
866 1710 973 1742 solent
992 1708 1091 1741 ceteri
1113 1718 1164 1740 ea-

431 1764 616 1797 thedratici.

475 1827 506 1850 x.
539 1816 629 1854 Quod
667 1816 698 1848 in
732 1821 884 1848 eventum
924 1812 1162 1846 substitutionis

431 1870 555 1914 possint
579 1868 722 1911 deputati
748 1867 847 1900 alium
868 1867 1065 1899 monachum
1090 1866 1165 1898 sub-

432 1923 565 1955 stituere
601 1921 723 1963 absque
759 1918 1024 1962 praesentatione
1054 1918 1164 1950 vicarii

433 1974 593 2018 generalis
630 1978 662 2006 et
697 1971 821 2005 abbatis
854 1971 992 2004 durante
1023 1970 1162 2014 impedi-

432 2033 541 2060 mento
566 2026 696 2070 provisi.

475 2091 517 2113 xt.
544 2079 633 2118 Quod
666 2088 777 2112 omnes
807 2076 980 2116 monachi,
1012 2077 1165 2118 collegae,

434 2133 637 2176 professores
653 2130 837 2173 theologiae
851 2130 882 2162 in
893 2129 1035 2171 collegio
1049 2128 1080 2162 S.
1094 2129 1166 2161 Ber-

434 2186 525 2219 nardi
551 2186 653 2218 dictae
678 2184 816 2218 civitatis
841 2184 970 2216 studere
997 2188 1167 2215 teneantur

434 2240 520 2282 apud
545 2238 799 2272 cathedraticum
819 2236 922 2270 dictae
941 2235 1113 2268 cathedrae
1130 2234 1168 2267 de

433 2293 553 2335 prima,
570 2292 691 2334 absque
717 2301 755 2324 eo
773 2291 859 2334 quod
884 2290 925 2322 sit
947 2288 1166 2321 necessarium

437 2347 522 2389 quod
560 2346 713 2378 studeant
742 2344 827 2387 apud
853 2341 1107 2376 cathedraticum
1131 2341 1168 2373 de

433 2398 543 2442 prima
569 2408 679 2430 sacrae
704 2396 889 2438 theologiae
911 2395 1015 2428 dictae
1039 2394 1169 2426 univer-

437 2450 556 2491 sitatis,
582 2456 613 2483 et
634 2450 719 2493 apud
744 2449 860 2482 dictam
885 2447 1074 2482 cathedram
1099 2457 1169 2479 ere-

438 2510 519 2536 ctam
541 2504 669 2536 studere
696 2503 824 2546 possint
855 2500 1042 2546 quindecim
1074 2500 1170 2532 scho-

437 2556 541 2590 lastici
567 2557 762 2597 saeculares,
789 2562 820 2588 et
843 2554 975 2597 triginta
999 2562 1168 2586 remanere

439 2608 648 2651 debcantpro
670 2608 823 2642 cathedra
849 2607 886 2640 cle
906 2607 1016 2650 prima
1041 2605 1169 2638 univer-

996 237 1172 262 BULLARIUM
1198 237 1283 260 nom
1288 237 1350 260 NUM

1203 285 1315 323 sitatis,
1331 293 1411 326 quos
1426 282 1607 314 nominabit
1621 287 1729 315 rector
1750 281 1852 314 dictae
1870 281 1940 314 uni-

1203 341 1376 367 Vssl'SlisstlS.

1245 397 1300 419 κη.
1333 385 1423 424 Quod
1456 386 1573 428 religio
1606 387 1756 420 investire
1790 392 1940 421 teneatur

1201 440 1289 471 mille
1314 439 1413 471 libras
1438 439 1476 471 ad
1502 439 1752 472 satisfactionem
1770 441 1940 483 deputato-

1202 503 1272 524 rum
1314 502 1371 524 seu
1407 492 1502 524 aliam
1533 502 1690 524 summam
1724 493 1939 526 necessariam

1202 555 1261 588 pro
1290 555 1397 577 annuo
1434 545 1562 577 redditu
1591 545 1747 577 librarum
1784 546 1940 588 (11ιί1013-

1203 599 1291 640 ginta
1307 608 1366 641 per
1387 598 1557 642 deputatos
1581 598 1873 640 consignandarmn
1886 608 1941 632 ⁴ca-

1203 651 1400 683 thedratico.

1246 713 1315 736 xm.
1346 703 1436 742 Quod
1468 704 1552 736 ultra
1587 704 1687 736 dictas
1721 704 1808 737 mille
1840 704 1939 737 libras

1204 761 1352 788 teneatur
1375 756 1590 799 Congregatio
1616 757 1743 790 tradere
1777 758 1940 800 deputatis

1204 809 1281 842 duas
1307 809 1404 842 libras
1430 815 1462 842 et
1482 820 1534 842 sex
1562 810 1684 842 solidos
1705 811 1881 850 annuatim,
1909 815 1940 843 et

1203 862 1470 905 quadragintasex
1496 863 1603 901 sortis,
1622 873 1680 905 pro
1697 863 1848 906 expensis
1862 861 1940 906 pro-

1203 915 1361 957 pinarmn,
1380 925 1417 948 ac
1442 915 1582 958 propriis
1608 916 1756 958 expensis
1781 916 1940 949 fabricare

1203 967 1403 1000 mansionem
1429 978 1487 1010 pro
1512 968 1679 1007 cathedra,
1705 973 1736 1000 et
1769 968 1942 1001 cathedra-

1203 1020 1284 1053 ticus
1305 1021 1466 1063 obligatus
1490 1020 1531 1053 sit
1554 1022 1680 1054 solvere
1701 1021 1845 1063 deputati
1871 1021 1941 1054 iura

1203 1074 1357 1106 vacantis,

1246 1136 1310 1159 xtv.
1348 1125 1427 1158 Casu
1463 1136 1527 1168 quo
1562 1125 1776 1169 Congregatio
1814 1126 1942 1160 omittat

1204 1188 1397 1212 concurrere
1422 1178 1461 1210 ad
1487 1178 1605 1211 dictam
1632 1179 1795 1211 civitatem
1821 1185 1853 1212 et
1871 1180 1942 1212 uni-

1206 1231 1403 1269 versitatem,
1418 1230 1574 1263 cathedra
1599 1231 1641 1263 sit
1666 1233 1770 1264 solum
1788 1242 1846 1274 pro
1868 1231 1942 1265 tiliis

1204 1283 1285 1326 regii
1311 1283 1512 1323 monasterii,
1541 1288 1572 1316 et
1597 1284 1621 1316 si
1644 1284 1675 1316 in
1695 1295 1733 1317 eo
1751 1295 1816 1317 non
1835 1285 1942 1318 adsint

1205 1336 1352 1378 religiosi
1374 1336 1513 1375 habiles,
1533 1336 1629 1369 liceat
1654 1337 1816 1380 deputatis
1835 1338 1942 1380 provi-

1205 1390 1281 1422 dere
1308 1389 1498 1422 cathedram
1525 1389 1563 1421 de
1590 1389 1709 1422 idoneo
1744 1396 1832 1422 extra
1866 1391 1942 1423 reli-

1203 1442 1344 1484 gionem,
1371 1442 1475 1474 donec
1494 1442 1611 1474 habilis
1630 1442 1745 1474 existat
1762 1443 1941 1475 monachus

1204 1495 1286 1527 filius
1313 1495 1390 1527 dicti
1407 1494 1605 1534 monasterii,
1625 1501 1783 1538 quatenus
1803 1495 1941 1527 iuridice

1203 1548 1361 1590 probetur
1385 1547 1472 1589 quod
1497 1547 1610 1579 eadem
1637 1547 1752 1580 domus
1784 1547 1823 1579 de
1849 1547 1943 1580 Petra

1203 1600 1432 1642 approbaverit
1455 1600 1504 1632 vel
1526 1600 1749 1642 procuraverit
1769 1600 1944 1633 resolutio-

1204 1663 1291 1692 nem,
1303 1652 1391 1695 quod
1408 1653 1538 1695 nempe*
1554 1651 1766 1695 Congregatio
1783 1663 1850 1686 non
1867 1663 1944 1686 con-

1204 1710 1313 1737 currat
1336 1715 1407 1736 cum
1433 1714 1491 1737 suo
1516 1705 1657 1747 collegio
1682 1705 1720 1737 ad
1739 1705 1855 1737 dictam
1871 1705 1944 1738 uni-

1204 1757 1401 1797 versitatem,
1429 1757 1553 1790 amittat
1588 1757 1621 1789 in
1656 1762 1854 1800 perpetuum
1893 1757 1943 1791 ius

1205 1810 1391 1850 cathedrae,
1411 1809 1497 1852 quod
1516 1820 1532 1842 e
1554 1820 1715 1842 conversu
1726 1810 1875 1843 amittant
1890 1820 1943 1843 ce-

1207 1868 1294 1895 terae
1320 1862 1433 1895 domus
1464 1861 1732 1905 Congregationis
1764 1873 1830 1896 non
1860 1873 1942 1896 con·

1207 1921 1375 1948 currentes
1400 1925 1471 1947 cum
1496 1915 1650 1957 collegio.

1250 1979 1301 2001 xv.
1328 1968 1505 2001 Eveniente
1542 1979 1616 2000 casu
1650 1968 1738 2011 quod
1768 1978 1865 2011 supra
1896 1978 1944 2000 as-

1208 2021 1369 2063 signatum
1387 2020 1585 2062 stipendium
1604 2021 1811 2063 deperdatur,
1831 2026 1863 2053 et
1878 2031 1945 2053 mo-

1208 2073 1383 2107 nasterium
1412 2073 1450 2105 de
1477 2072 1571 2106 Petra
1598 2083 1664 2106 non
1696 2073 1853 2115 subroget
1883 2073 1945 2105 alia

1207 2128 1302 2167 bona,
1329 2126 1385 2158 tali
1410 2136 1485 2158 casu
1512 2125 1637 2169 expiret
1663 2125 1849 2159 huiusmodi
1877 2126 1946 2158 sun-

1209 2180 1309 2213 datio.

1251 2243 1314 2266 xvi.
1341 2232 1473 2265 Demum
1493 2258 1500 2271 ,
1527 2231 1603 2275 quia
1627 2232 1727 2264 abbas
1761 2232 1843 2274 regii
1875 2241 1942 2264 mo-

1209 2285 1340 2318 nasterii
1377 2284 1408 2317 S.
1435 2285 1609 2317 Salvatoris
1641 2285 1681 2317 de
1714 2285 1815 2327 Legre
1840 2289 1871 2317 et
1895 2295 1946 2317 ca-

1210 2338 1407 2372 thedraticus
1431 2338 1661 2380 philosophiae
1692 2347 1808 2380 regens
1837 2337 1947 2370 cathe-

1210 2392 1298 2424 dram
1319 2401 1429 2423 sacrae
1454 2389 1637 2433 Scripturae
1658 2390 1795 2422 multum
1819 2389 1946 2423 lahora—

1210 2450 1287 2477 runt
1317 2444 1349 2476 in
1386 2443 1573 2476 fundatione
1610 2442 1715 2475 dictae
1751 2442 1944 2482 cathedrae,

1210 2496 1335 2540 possint
1370 2496 1490 2529 idcirco
1515 2495 1555 2527 ad
1580 2505 1648 2528 eam
1673 2494 1871 2538 praesentari
1908 2503 1947 2527 ex

1247 2613 1258 2639 1
1282 2611 1381 2638 Forsan
1397 2610 1473 2637 deest
1492 2609 1516 2636 si
1536 2610 1572 2645 (a.
1594 2608 1641 2643 T.)-

1933 231 1984 258 An.
2004 231 2034 258 C.
2054 232 2099 258 169
2119 234 2126 258 1
