2227 3225
67 199 158 223 A:·.tl.
185 198 249 224 usti
832 202 881 224 Β).

256 247 408 290 legitimis
444 258 602 291 procurae
639 248 822 288 mandatis,
849 260 882 281 sc
916 248 966 280 die
983 274 990 287 ‚
1012 256 1014 288 ξ
1034 248 1170 279 existere
1196 252 1228 279 et
1254 247 1342 286 sore,

888 202 1039 223 mixtus
1067 202 1106 222 xit
1135 201 1178 222 rr.
1661 195 1717 222 ill
1777 201 1817 223 iu,

1841 197 1858 222 t:
1894 196 1957 221 thul

1382 257 1520 289 suosque
1547 248 1713 289 plenarios
1738 252 1767 279 et

256 310 368 334 mense
393 306 423 333 et
448 310 531 333 anno
556 306 590 333 ut
615 311 720 344 supra,
739 301 871 344 propria
896 311 991 333 manu
1012 301 1014 329 L
1034 299 1180 342 integros
1207 298 1338 331 etl'ectus
1365 299 1473 331 sortiri
1496 304 1527 331 et
1551 299 1708 338 obtinere,
1736 309 1771 331 ac

255 353 520 396 subscripserunt
558 353 657 386 sratcr
692 353 881 396 l⁴'i·auciscus
918 341 1014 385 Diaz'l

256 417 272 438 a
297 405 328 438 S.
364 405 600 446 Bonaventura,
643 406 768 449 primus
805 390 1014 449 provinciae¹

255 463 356 502 pater,
382 468 417 490 ac
443 458 585 491 omnium
612 459 772 492 vocalium
800 459 897 502 partis
923 436 1014 503 Gal-f

254 511 419 544 laccorum
457 517 487 543 et
524 505 715 554 plusquam
737 512 990 555 ‹piingentorum
1011 507 1014 535 ¹

255 563 388 596 fratrum
414 564 500 597 illius
527 575 651 597 necnon
670 565 810 607 plurium
832 564 992 598 vocalium
1011 546 1014 599 i

255 622 287 648 ct
309 616 443 649 fratrum
470 623 652 650 ceterarum
671 618 811 660 partium
839 628 992 661 procura-

255 674 322 707 tor·,
344 670 442 703 frater
460 670 650 703 Benedictus
678 672 715 703 (le
734 670 871 713 Noriega
890 671 992 703 lectur

254 723 428 763 iubilatus,
456 730 487 756 et
512 724 669 756 vocalium
696 736 730 756 ae
757 725 890 756 sratriuu
925 726 977 766 liu

253 776 335 808 rium
358 777 574 815 Asturiarum,
601 777 751 817 Legionis
778 782 808 809 et
832 777 990 809 Castellac
1011 767 1014 786 ¹

254 833 465 871 procurator;
495 829 593 861 frater
618 829 756 862 Didacus
783 829 835 862 del
861 829 990 862 Castillo

255 881 414 915 vocalium
440 887 471 914 et
501 882 643 925 plurium
669 883 804 915 fratrum
831 883 992 915 Extrema-

254 934 353 967 durae
370 945 405 967 ac
422 934 560 967 aliorum
577 946 750 978 regnorum
761 941 990 978 procurator».

94 997 170 1017 iucem·
194 1002 241 1023 pro·
297 987 311 1030 ξ
335 987 366 1020 2.
394 987 498 1026 Quare
525 994 726 1031 exponentes
752 989 909 1031 praedicti
936 1000 992 1022 no-

58 1028 177 1070 1⁰.l.‘.;‘.{⁴“¹¹¹¹¹
193 1030 301 1072 p‘mltis
328 1040 494 1073 humiliter
519 1040 693 1084 supplicari
720 1041 867 1074 fecerunt
891 1047 924 1074 ut
958 1041 990 1074 in

253 1093 438 1136 praemissis
472 1099 657 1137 opportune
692 1094 864 1137 providere
897 1100 927 1127 et
958 1100 991 1127 ut

253 1146 336 1179 intra
361 1146 529 1189 indulgere
555 1147 594 1179 de
628 1146 827 1189 benignitate
864 1153 991 1191 aposto-

252 1200 313 1233 lica
340 1200 561 1242 dignaremur.

296 1253 311 1296 ἓ
331 1252 362 1286 3.
382 1253 444 1286 Nos
471 1253 576 1296 igitur,
592 1253 679 1297 ipsos
707 1261 903 1297 exponentes
920 1265 991 1297 spe-

252 1305 388 1339 cialibus
407 1306 568 1340 sai-oribus
586 1313 616 1340 et
637 1307 746 1350 gratiis
768 1307 918 1351 prosequi
937 1318 990 1340 vo-

251 1360 365 1399 lentes,
392 1364 424 1392 et
449 1369 559 1392 eorum
585 1360 765 1402 singulares
794 1370 947 1402 personas
973 1372 989 1393 a

251 1412 418 1455 quibusvis
433 1413 786 1452 excommunicationis,
804 1414 990 1456 suspensio-

249 1465 299 1498 nis
325 1471 356 1498 et
382 1465 562 1505 interdicti,
597 1465 733 1508 aliisque
766 1466 990 1499 ecclesiasticis

248 1517 429 1557 sententiis,
447 1517 593 1551 censuris
612 1523 644 1551 et
663 1518 789 1561 poenis,
812 1529 828 1551 a
849 1518 919 1552 iure
941 1521 988 1553 vel

248 1571 287 1604 ab
306 1571 450 1612 homine,
474 1571 583 1615 quavis
607 1572 779 1605 occasione
811 1573 860 1605 vel
895 1575 988 1605 causa

247 1624 331 1665 latis,
360 1624 384 1657 si
411 1624 527 1668 quibus
546 1625 794 1668 quomodolibet
813 1625 987 1659 innodatae

248 1676 398 1718 existunt,
413 1676 453 1709 ad
470 1675 615 1710 etl'ectum
630 1677 848 1721 praesentium
868 1679 988 1711 dmnta-

246 1734 299 1760 xat
309 1730 586 1772 consequendum,
599 1729 714 1762 harum
729 1729 811 1762 serie
823 1730 986 1763 absolven-

248 1786 295 1814 tes
305 1787 336 1814 et
352 1781 518 1814 absolutas
529 1782 596 1814 sore
607 1788 787 1823 censentes,
801 1783 985 1817 huiusmodi

247 1834 540 1878 supplicationibus
567 1835 725 1875 inclinati,
751 1836 790 1868 de
816 1837 988 1869 venerabi-

247 1887 324 1920 lium
352 1887 486 1920 fratrum
510 1892 697 1921 nostrorum
719 1888 749 1921 S.
771 1888 807 1920 P..
831 1889 864 1921 E.
886 1889 986 1922 cardi-

245 1941 368 1973 nalium
394 1941 532 1983 negotiis
566 1947 596 1974 et
628 1941 925 1974 consultationibus
956 1953 1008 1976 em

245 1994 453 2036 piscoporum
468 1999 499 2026 et
510 1994 708 2036 regularium
724 1995 984 2038 praepositorum

245 2046 402 2086 consilio,
429 2046 639 2080 concordiam
658 2048 903 2091 praeinsertam,
930 2059 985 2081 au-

245 2098 394 2132 ctoritate
415 2099 605 2142 apostolica,
628 2105 741 2132 tenore
755 2101 983 2143 praesentium,

244 2152 473 2185 confirmamus
499 2157 530 2185 et
554 2153 786 2195 approbamus,
806 2153 917 2197 illique
937 2154 985 2186 in-

247 2204 406 2237 violabilis
448 2205 649 2247 apostolicae
687 2205 845 2238 firmitatis
883 2208 984 2240 robur

244 2256 415 2290 adiicimus
433 2283 440 2297 ‚
466 2268 502 2290 ac
528 2268 641 2290 omnes
668 2264 699 2291 et
729 2259 874 2302 singulos
906 2260 983 2293 iuris

244 2316 274 2343 et
299 2309 374 2343 sacti
392 2310 547 2351 defectus,
567 2310 592 2343 si
612 2311 666 2354 qui
686 2311 828 2355 desuper
847 2323 983 2356 quomo-

245 2363 369 2396 dolibet
393 2362 641 2405 intervenerint,
670 2366 873 2408 supplemus;
896 2368 983 2399 salva

245 2421 353 2449 tamen
376 2426 508 2460 semper
532 2417 564 2449 in
582 2417 770 2460 praemissis
792 2419 981 2453 auctoritate

244 2468 510 2512 Congregationis
541 2471 728 2503 eorumdem
755 2472 978 2505 cardinalium.

288 2523 302 2565 ξ
328 2522 360 2555 4.
384 2522 606 2557 Decernentes
623 2551 631 2565 ‚
667 2526 797 2558 easdem
829 2536 980 2568 praesen-

107 1259 241 1280 Canfirnmtio

59 1286 102 1318 [eta
113 1293 137 1306 ,ιο
155 1292 242 1307 cuncor-

79 2530 198 2553 Clausulam

244 2581 291 2609 tes
315 2575 439 2610 litteras
465 2575 592 2619 firmas,
618 2577 742 2611 validas
776 2583 807 2611 et
832 2579 978 2612 efficaces

1035 352 1109 391 illis,
1146 352 1185 385 ad
1218 363 1297 395 quos
1323 357 1446 395 spectat
1475 357 1506 384 et
1534 362 1592 395 pro
1626 357 1770 394 tempore

1035 406 1304 449 quandocumque
1331 405 1499 448 spectabit,
1516 404 1547 437 in
1573 404 1722 436 omnibus
1742 410 1773 436 et

1035 469 1094 501 per
1119 459 1226 491 omnia
1252 458 1442 501 plenissime
1468 456 1649 500 sutl'ragari,
1678 463 1709 489 ct
1733 458 1772 489 ab

1036 510 1082 543 eis
1104 511 1289 554 respective
1316 510 1548 544 iuviolabiliter
1579 510 1769 549 observari,

1035 564 1146 607 sicque
1174 564 1205 596 in
1235 564 1423 607 praemissis
1460 574 1519 607 per
1550 574 1770 606 quosrumquc

1034 617 1157 650 iudices
1183 618 1367 650 ordinarios
1394 622 1425 650 et
1461 617 1650 659 delegatos,
1676 616 1772 649 ctiam

1035 681 1203 703 causarum
1240 666 1351 713 palatii
1385 670 1554 713 apostolici
1581 670 1771 708 auditores,

1012 723 1170 760 2iudicari
1197 729 1229 756 et
1254 723 1380 756 deliniri
1407 723 1527 755 debere
1545 750 1552 763 ,
1579 733 1614 754 ac
1645 722 1771 755 irritum

1035 782 1066 808 et
1091 776 1196 815 inane,
1216 776 1240 808 si
1259 786 1352 808 secus
1370 775 1536 818 superbis
1555 787 1571 808 a
1596 786 1771 819 quoquam,

1035 829 1146 872 quavis
1165 829 1366 869 auctoritate,
1384 829 1525 861 scienter
1543 829 1592 862 vel
1619 828 1773 871 ignorau-

1036 887 1092 922 ter,
1119 882 1294 924 contigcrit
1318 882 1483 915 attentari.

1078 935 1092 979 ἓ
1118 935 1149 968 5.
1176 935 1331 973 Quocirca
1351 934 1593 968 venerabilibus
1619 934 1772 967 fratribus

1034 988 1282 1032 archiepiscopo
1296 989 1558 1031 Compostellano
1574 994 1604 1021 et
1618 989 1772 1031 episcopo

1034 1040 1191 1080 Ort-tensi,
1203 1053 1237 1073 ac
1253 1041 1370 1074 dilecto
1387 1040 1451 1074 tilio
1467 1041 1660 1074 scholastico
1676 1043 1774 1074 eccle-

1034 1094 1099 1127 siae
1118 1095 1393 1133 Salmantieensis,
1412 1105 1472 1137 per
1489 1100 1674 1137 praesentes
1693 1105 1774 1128 com-

1034 1147 1189 1179 mittimus
1202 1152 1233 1180 et
1247 1148 1448 1187 mandamus,
1462 1152 1619 1190 qiiatemis
1636 1147 1705 1191 ipsi,
1721 1148 1771 1180 vel

1035 1201 1107 1241 duo,
1126 1206 1177 1233 aut
1194 1211 1276 1233 unus
1296 1211 1417 1240 eorum,
1437 1211 1494 1244 per
1519 1211 1570 1240 se,
1587 1202 1637 1234 vel
1663 1201 1770 1240 alium,

1034 1264 1090 1286 seu
1105 1253 1192 1294 alios,
1209 1253 1336 1286 easdem
1352 1259 1542 1296 praesentes
1556 1254 1680 1286 litteras
1695 1254 1770 1287 etin

1034 1306 1079 1338 eis
1094 1311 1247 1339 contenta
1267 1316 1502 1350 quaecumque,
1520 1306 1573 1338 ubi
1593 1311 1624 1339 et
1641 1307 1770 1349 quando

1034 1369 1114 1402 opus
1140 1359 1253 1399 suerit,
1281 1364 1312 1391 et
1337 1359 1463 1402 quotics
1488 1370 1546 1402 pro
1572 1365 1664 1402 parte
1690 1359 1772 1392 inte-

1032 1421 1120 1444 resse
1146 1411 1178 1443 in
1203 1411 1389 1454 praemissis
1416 1411 1615 1451 habentium,
1635 1423 1689 1444 seu
1711 1413 1769 1445 ali-

1033 1465 1123 1497 cuius
1149 1475 1261 1498 eorum
1287 1465 1426 1508 desuper
1458 1465 1577 1498 suerint
1601 1466 1768 1509 requisiti,

1032 1518 1223 1551 solemniter
1247 1518 1463 1561 publicantes,
1480 1518 1610 1562 illisque
1626 1519 1655 1550 in
1675 1530 1769 1562 prae-

1031 1571 1135 1604 missis
1161 1571 1299 1604 essicaiis
1322 1571 1521 1604 detensionis
1542 1572 1706 1615 praesidio
1725 1583 1770 1605 as-

1030 1624 1190 1664 sistentes,
1218 1625 1331 1657 saciant
1360 1625 1553 1658 auctoritate
1572 1628 1681 1658 nostra
1696 1625 1769 1658 illos

1030 1676 1250 1720 praesentium
1276 1678 1457 1710 litterarum
1484 1683 1516 1710 ct
1546 1677 1577 1710 iu
1615 1678 1660 1710 eis
1697 1689 1770 1711 con-

1032 1735 1193 1762 tentorum
1209 1730 1394 1763 huiusmodi
1415 1731 1586 1763 commodo
1607 1736 1637 1763 et
1656 1730 1768 1763 etl'ectu

1030 1782 1162 1826 pacifice
1190 1783 1249 1816 frui
1269 1790 1300 1816 et
1318 1784 1468 1827 gaudere,
1490 1794 1555 1816 non
1576 1785 1769 1828 permitten-

1030 1843 1077 1869 tes
1103 1837 1175 1869 illos
1194 1837 1332 1880 desuper
1354 1848 1370 1869 a
1391 1848 1566 1881 quoquam¹
1588 1838 1698 1881 quavis
1718 1849 1768 1870 au-

1029 1889 1176 1922 ctoritate
1214 1890 1461 1933 quomodolibet
1495 1890 1642 1924 indebite
1671 1893 1768 1924 mole-

1029 1942 1115 1983 stari,
1141 1944 1325 1986 perturbari
1344 1944 1393 1976 vel
1412 1944 1610 1988 inquietari,
1639 1951 1768 1977 contra-

1029 1995 1168 2028 dictores
1196 1996 1359 2039 quoslibet
1391 2003 1422 2029 et
1447 1998 1586 2031 rebelles
1613 2009 1672 2041 per
1696 2009 1765 2030 sen-

1029 2049 1154 2087 tentias,
1181 2059 1333 2082 censuras
1362 2056 1392 2083 et
1417 2061 1538 2093 poenas
1565 2051 1763 2084 ecclesiasti-

1028 2111 1102 2140 cas,
1140 2101 1266 2145 aliaque
1304 2108 1488 2145 opportuna
1513 2103 1594 2136 iuris
1629 2109 1660 2136 et
1692 2104 1765 2136 sacti

1027 2155 1182 2194 remedia,
1210 2156 1429 2198 appellatione
1462 2156 1654 2200 postposita,
1681 2167 1766 2189 com-

1027 2208 1213 2249 pescendo,
1240 2208 1460 2252 legitimisque
1495 2220 1596 2253 super
1621 2210 1671 2242 his
1708 2210 1765 2242 ha-

1026 2260 1140 2293 bendis
1167 2261 1301 2293 serratis
1322 2262 1543 2304 processibus,
1558 2273 1714 2295 censuras
1733 2268 1765 2296 et

1025 2323 1148 2356 poenas
1174 2314 1260 2357 ipsas
1285 2314 1380 2346 ctiam
1415 2315 1540 2348 iteratis
1563 2316 1686 2348 vicibus
1715 2327 1764 2358 ag-

1026 2367 1206 2409 gravando,
1232 2367 1381 2401 invocato
1419 2368 1513 2401 etiam
1540 2369 1578 2402 ad
1612 2370 1700 2409 hoc,
1736 2368 1762 2402 si

1024 2431 1106 2464 opus
1132 2421 1239 2461 suerit,
1265 2421 1387 2454 auxilio
1417 2422 1543 2455 brachii
1569 2423 1759 2456 saecularis.

1067 2474 1081 2517 ξ
1105 2474 1136 2506 G.
1163 2473 1232 2507 Non
1259 2475 1464 2508 obstantibus
1488 2475 1699 2518 praemissis,
1727 2482 1894 2529 aedefpjg'sfgi
1907 2488 1955 2502 *⁷1¹1ss

1024 2527 1128 2559 seticis
1161 2528 1396 2561 recordationis
1431 2529 1587 2561 bonifacii
1613 2529 1671 2562 PP.
1700 2530 1762 2562 vm
1828 2522 1844 2533 “
1887 2524 1891 2528 '

1023 2580 1281 2624 praedecessoris
1308 2581 1411 2614 nostri
1438 2583 1476 2614 de
1498 2585 1572 2624 una,
1600 2587 1631 2616 ct
1655 2582 1762 2616 conci-

1828 943 1968 965 Citiiiiiitlttlut'

1784 974 1889 991 exeunt-o-
