2254 3225
194 219 244 246 An.
260 218 289 246 C.
312 220 379 247 1696
426 215 489 246 750

381 269 512 304 stitutae
546 272 701 315 munitis,
726 274 837 308 eadem
874 285 1010 319 prorsus
1041 276 1121 310 tides

381 322 503 366 ubique
538 325 684 359 locorum
718 327 898 369 habeatur,
934 329 1119 372 quaeipsis

380 378 612 418 praesentibus
638 380 820 414 haberetur
851 381 876 414 si
902 381 1011 415 serent
1035 383 1122 415 exhi-

381 429 470 463 bitae
495 433 546 465 vel
573 438 740 466 ostensae.

428 483 540 517 Datum
567 485 698 525 Romae,
719 487 802 529 apud
829 487 858 520 S.
877 487 1007 520 Mariam
1026 487 1122 520 Maio-

382 546 462 577 rem,
476 537 534 569 sub
549 540 668 571 annulo
684 539 867 579 piscatoris,
885 541 936 573 die
953 550 1028 573 xxm
1044 540 1120 573 maii

381 599 532 631 Mncxcv1‚
557 591 765 634 pontificatus
791 592 893 625 nostri
920 603 1006 626 anno
1031 603 1062 626 v.

415 651 478 678 Dat.
496 651 541 679 die
556 652 590 679 23
605 652 670 680 maii
687 652 767 686 1696,
790 653 888 688 pontif.
905 661 975 681 anno
991 660 1016 681 v.

689 795 808 829 CXXX.

383 873 604 917 Confirmatm·
639 880 667 909 el
702 877 900 920 reformatur
934 877 1119 910 constitutio

424 927 613 961 Alexandri
634 929 699 962 VII
709 941 769 973 pro
787 930 864 962 bono
881 931 1041 973 reyimine
1058 930 1119 963 col-

426 980 505 1024 leyiz'
519 981 707 1015 Germanici
724 987 751 1015 el
762 983 947 1026 Hunyarici
959 983 996 1016 dc
1012 982 1116 1016 Urbc¹.

564 1062 761 1090 Innocentius
782 1064 860 1097 Papa
879 1064 942 1096 ΧΠ,

494 1107 530 1132 ad
552 1110 729 1140 perpetuam
750 1109 796 1134 rei
816 1109 999 1135 memoriam.

214 1181 334 1202 Exordium.

426 1173 460 1206 In
485 1184 640 1218 supremo
666 1176 836 1209 militantis
857 1177 1019 1211 Ecclesiae
1038 1178 1118 1210 solie

383 1237 442 1271 per
461 1227 661 1262 ineffabilem
686 1230 815 1263 divinae
839 1231 994 1264 bonitatis
1020 1231 1119 1263 abun-

384 1281 548 1322 dantiam,
574 1284 666 1316 nullo
691 1284 767 1316 licet
790 1285 982 1317 meritorum
1008 1284 1121 1318 suffra-

383 1333 447 1376 gio,
467 1335 645 1375 constituti,
666 1347 703 1369 ea
729 1347 811 1379 quae
834 1347 850 1369 a
867 1337 1021 1370 Romanis
1042 1338 1120 1370 Pon-

382 1386 522 1419 tificibus
560 1390 870 1431 praedecessoribus
907 1390 1028 1423 nostris
1059 1401 1118 1434 pro

383 1439 524 1472 feliciter
550 1440 731 1483 dirigendis
756 1443 940 1475 seminariis
967 1449 997 1475 et
1021 1445 1120 1476 colle-

383 1491 445 1534 giis
464 1492 728 1536 quibuscumque
748 1495 868 1537 ubique
886 1496 1043 1535 locorum,
1064 1496 1118 1528 sed

382 1545 588 1588 potissimum
614 1545 645 1578 in
668 1547 750 1578 alma
777 1547 859 1580 Urbe
885 1550 1006 1587 nostra,
1026 1558 1119 1580 verae

383 1596 554 1639 religionis
573 1608 654 1638 arce,
671 1609 708 1630 cx
727 1610 789 1642 qua
802 1600 963 1633 honorum
982 1610 1118 1643 operum

384 1651 532 1693 exempla
557 1650 589 1683 in
606 1662 718 1684 omncs
744 1652 913 1685 christiani
935 1653 1022 1686 orbis
1046 1664 1119 1696 par-

383 1708 430 1736 tes
456 1704 584 1737 assidue
618 1705 852 1745 diffunduntur,
878 1706 1044 1748 institutis,
1071 1718 1119 1739 sa-

381 1757 524 1799 pienter,
543 1768 580 1791 ac
601 1768 651 1798 eo,
671 1759 723 1801 qui
746 1760 924 1793 secundum
950 1760 1117 1793 scientiam

382 1815 448 1850 est,
472 1811 528 1843 Dei
552 1812 623 1844 zelo
650 1812 799 1845 ordinata
825 1823 896 1846 esse
922 1805 1116 1854 noscuntur,

379 1867 415 1895 ut
431 1862 523 1895 firma
539 1873 668 1907 semper
681 1869 778 1907 atque
795 1865 921 1898 illibata
938 1872 1118 1907 serventur,

380 1916 550 1958 apostolici
588 1917 777 1950 muniminis
810 1919 911 1951 nostri
937 1919 1117 1962 patrocinio

378 1966 521 2001 libenter
552 1970 766 2010 roboramus,
799 1976 917 2013 prout,
951 1971 1118 2004 omnibus²

379 2026 523 2054 maturae
549 2023 819 2056 considerationis
841 2024 961 2057 trutina
977 2035 1118 2068 perpen-

379 2074 444 2114 sis,
471 2075 646 2108 salubriter
670 2077 823 2120 expedire
848 2077 880 2110 in
906 2078 1042 2112 Domino
1067 2090 1118 2112 ar—

379 2126 551 2160 bitramur.

188 2185 369 2234 dmmwffexagg
424 2180 438 2223 ἓ
465 2181 497 2213 1.
524 2181 611 2214 Alias
642 2181 801 2225 siquidem
831 2194 847 2216 a
873 2184 976 2217 felicis
1009 2195 1118 2218 recor-

186 2239 291 2285 guma«,
307 2240 369 2269 '³¹³0-
382 2232 521 2266 dationis
547 2235 730 2268 Alexandro
757 2236 815 2268 ΡΡ.
842 2237 892 2269 ΥΙΙ
927 2239 1118 2280 praedeces-

202 2272 223 2283 (ιι
230 2266 369 2286 determinata

188 2292 246 2312 mre
271 2293 328 2312 tocns
351 2295 457 2318 etsore
482 2292 604 2326 nostro,
630 2298 689 2330 pro
708 2288 793 2320 felici
809 2292 960 2332 rectaque
986 2291 1116 2333 collegii

188 2319 254 2338 forma
284 2324 370 2343 congre-

188 2346 370 2371 gauonnmcarm-
381 2338 563 2372 Germanici
589 2345 621 2372 et
644 2340 816 2383 Hungariei
844 2342 882 2374 de
908 2342 992 2375 Urbe
1017 2343 1117 2376 illius-

417 2436 427 2461 1
453 2434 593 2462 Praedicta
614 2436 768 2463 constitutio
784 2445 843 2463 mox
863 2437 970 2465 citatur.
992 2438 1021 2465 In
1038 2438 1118 2466 huius

379 2478 520 2506 Pontificis
546 2481 654 2507 constit.
675 2480 718 2507 ed.
739 2488 861 2508 MDcxevn
875 2503 882 2514 ,
902 2482 944 2508 die
965 2484 978 2509 7
999 2488 1118 2518 septem-

380 2523 447 2558 bris,
469 2525 562 2559 pontif.
583 2532 628 2559 vn,
649 2526 843 2553 confirmantur
862 2527 995 2562 quaedam
1018 2532 1118 2556 statuta

381 2577 430 2605 pro
445 2569 596 2596 seminariis
611 2570 847 2605 Angelopolitanis,

414 2613 430 2639 2
447 2613 530 2641 Voces
545 2617 646 2649 prout,
663 2616 790 2642 omnibus
806 2623 854 2643 nos
870 2616 992 2644 addimus
1006 2619 1047 2653 (a.
1064 2619 1115 2653 Τ.).

959 228 1136 253 BULLARIUM
1160 228 1315 253 ROMANUM

1138 1677 1140 1691 ⁴

1901 229 1950 255 Αη.
1966 229 1994 256 C.
2018 230 2084 259 ⁴696

1163 288 1225 320 que
1250 287 1358 310 rerum
1383 282 1414 311 et
1433 277 1592 311 bonorum
1608 278 1896 317 administratione,
1909 291 1986 311 nanum
2021 293 2092 318 prote-

1163 335 1354 363 emanarunt
1367 331 1494 364 litterae
1509 331 1541 364 in
1556 331 1654 364 simili
1670 332 1774 364 forma
1788 331 1897 364 Brevis
1908 320 1998 340 ⁰²⁰‘um'

1163 383 1286 415 tenoris
1319 384 1373 427 qui
1406 384 1559 427 sequitur,
1586 384 1756 418 videlicet:

1212 449 1227 465 a
1246 437 1435 469 Alexander
1458 438 1528 471 ΡΡ.
1553 437 1626 476 VII,
1647 438 1689 470 ad
1707 442 1898 481 perpetuam

1162 489 1211 520 rez'
1240 490 1440 522 memoriam.
1475 489 1514 522 Ut
1545 490 1678 532 collegii
1714 491 1898 525 Germanici

1163 545 1260 583 atque
1285 542 1459 584 Hungarici
1482 543 1520 575 de
1545 542 1641 582 Urbe,
1669 542 1765 576 etc.¹.

1196 602 1291 629 Datum
1305 603 1420 637 Romae,
1442 603 1512 639 apud
1532 603 1558 630 S.
1574 604 1707 637 Marcum,
1728 605 1778 632 sub
1798 606 1897 633 annulo

1163 646 1320 681 piscatoris,
1336 648 1379 674 die
1394 651 1482 674 xvn1²
1502 647 1654 676 decembris
1673 655 1770 685 nncxt,
1791 651 1899 686 pontifi-

1162 695 1237 718 catus
1255 692 1342 718 nostri
1362 700 1431 719 anno
1451 699 1477 719 v¹
1496 703 1522 720 ».

1205 754 1219 797 ἓ
1243 754 1271 787 2.
1298 754 1375 787 Cum
1401 760 1519 796 autem,
1539 755 1624 789 sicut
1649 757 1842 800 accepimus,
1861 757 1899 791 li-

1161 810 1211 840 cet
1245 808 1421 850 praemissa
1454 819 1469 840 a
1503 815 1682 842 memorato
1715 810 1898 844 Alexandro

1161 860 1411 902 praedecessore
1429 861 1564 904 provido
1594 862 1813 906 prudentique
1834 863 1899 896 sue-

1161 913 1226 945 rint
1250 914 1425 946 constituta
1450 915 1667 954 consilio‚illa
1683 915 1897 950 nihilominus

1160 965 1292 998 minime
1310 965 1544 999 observentur:
1565 967 1641 1000 hinc
1658 973 1706 1000 est
1723 969 1810 1011 quod
1828 979 1896 1009 nos,

1162 1018 1319 1061 praedicti
1346 1019 1474 1061 collegii
1501 1019 1706 1052 indemnitati
1725 1031 1899 1064 prospero-

1161 1081 1222 1113 que
1246 1071 1335 1104 illius
1361 1076 1424 1104 tam
1450 1071 1610 1115 spirituali
1644 1083 1739 1116 quam
1772 1079 1900 1117 tempo-

1162 1124 1221 1157 rali
1253 1125 1417 1167 regimini,
1444 1131 1601 1169 quantum
1636 1127 1730 1160 nobis
1762 1138 1798 1160 ex
1832 1129 1899 1161 alto

1161 1178 1361 1219 conceditur,
1394 1179 1567 1222 providere
1603 1180 1783 1222 cupientes,
1809 1186 1899 1214 motu

1161 1231 1309 1274 proprio,
1337 1241 1373 1264 ac
1398 1242 1435 1264 ex
1462 1234 1550 1265 certa
1576 1232 1709 1266 scientia
1727 1239 1758 1266 et
1774 1236 1899 1267 matura

1162 1284 1396 1318 deliberatione
1422 1287 1556 1326 nostris,
1574 1286 1678 1330 deque
1699 1288 1898 1331 apostolicae

1162 1339 1330 1380 potestatis
1356 1338 1572 1382 plenitudine,
1590 1340 1810 1383 praeinserlas
1829 1341 1900 1374 Ale-

1162 1391 1272 1424 xandri
1288 1392 1551 1434 praedecessoris
1566 1393 1702 1433 litteras,
1713 1404 1785 1426 cum
1800 1394 1900 1427 omni-

1162 1444 1220 1475 bus
1247 1449 1278 1476 et
1302 1444 1437 1486 singulis
1463 1444 1496 1476 in
1522 1445 1569 1477 eis
1594 1446 1765 1485 contentis,
1786 1452 1898 1480 tenore

1162 1497 1385 1538 praesentium
1421 1503 1581 1540 perpetuo
1615 1500 1835 1541 approbamus
1868 1506 1900 1533 et

1163 1549 1392 1582 confirmamus
1419 1560 1453 1582 ae
1479 1550 1682 1592 innovamus,
1702 1551 1831 1596 illisque
1850 1552 1899 1585 in-

1162 1602 1323 1635 violabilis
1359 1608 1390 1635 et
1425 1602 1660 1646 irrefragabilis
1700 1605 1897 1647 apostolicae

1161 1654 1321 1687 firmitatis
1339 1655 1413 1695 vim,
1433 1656 1532 1688 robur
1550 1661 1579 1688 et
1597 1656 1772 1689 efficaciam
1790 1658 1898 1690 adiun-

1162 1708 1278 1750 gimus,
1296 1709 1449 1751 ipsasque
1469 1709 1640 1742 Alexandri
1667 1711 1899 1753 praedecesso-

1161 1761 1203 1793 ris
1221 1761 1355 1800 litteras
1370 1766 1400 1793 et
1418 1761 1448 1793 in
1468 1761 1514 1793 eis
1531 1767 1683 1795 contenta
1701 1763 1897 1805 huiusmodi,

1161 1814 1327 1856 perpetuis
1352 1813 1466 1846 suturis
1498 1815 1702 1857 temporibus
1728 1816 1899 1850 inviolabi-

1160 1866 1234 1899 liter
1260 1872 1291 1899 et
1314 1866 1508 1900 inconcusse
1538 1868 1706 1901 observari
1738 1870 1898 1914 praecipi-

1160 1930 1230 1952 mus
1256 1924 1288 1953 et
1308 1920 1514 1953 mandamus.
1542 1920 1587 1953 Ita
1606 1926 1712 1954 tamen
1739 1923 1824 1956 utin
1842 1934 1898 1967 po-

1160 1978 1279 2006 sterum
1304 1974 1475 2006 memorati
1496 1974 1677 2008 cardinales
1702 1976 1777 2008 dicti
1802 1978 1899 2010 eolle-

1161 2026 1203 2069 gii
1235 2030 1437 2069 protectores
1474 2037 1532 2069 pro
1571 2028 1712 2070 negotiis
1753 2029 1896 2064 eiusdem

1160 2079 1292 2122 collegii
1324 2081 1559 2122 pertractandis
1594 2092 1659 2114 non
1696 2083 1831 2125 amplius
1863 2084 1896 2116 in

1160 2133 1232 2165 aula
1275 2132 1543 2175 Congregationis
1588 2135 1896 2169 secundodietorum

1160 2185 1384 2225 cardinalium,
1402 2186 1488 2218 iuxta
1510 2187 1696 2220 earumdem
1719 2189 1894 2222 Alexandri

1159 2239 1419 2282 praedecessoris
1444 2239 1626 2272 litterarum
1648 2242 1894 2285 praescriptum,

1160 2293 1215 2325 sed
1241 2292 1364 2335 inipso
1390 2293 1530 2335 collegio
1556 2295 1759 2327 commodius
1785 2306 1821 2328 ac
1846 2307 1895 2329 ex-

1159 2345 1300 2388 peditius
1326 2347 1573 2379 oceurrcntilnis
1607 2346 1694 2380 illius
1720 2349 1894 2382 necessita-

1160 2398 1245 2430 tibus
1264 2399 1437 2431 consulere
1461 2400 1599 2439 valeant,
1618 2410 1689 2432 cum
1710 2400 1893 2435 interventu

1160 2452 1330 2484 memorati
1355 2452 1521 2485 secretarii
1541 2452 1646 2485 dictae
1664 2453 1894 2497 Congregatio-

1160 2504 1221 2544 nis,
1241 2509 1273 2537 et
1293 2506 1419 2537 servata
1437 2504 1469 2537 in
1487 2504 1621 2548 reliquis
1640 2505 1788 2539 omnibus
1805 2518 1893 2550 prae-

1937 769 2005 790 Cansa
2020 769 2093 789 confir-

1910 797 2007 817 mationis
2037 797 2093 816 rvli-

1911 826 1944 843 {aa
1960 824 2094 843 constitutio·

1909 850 1949 871 nis.

1196 2575 1206 2601 1
1229 2574 1346 2609 Reliqua
1366 2574 1426 2600 vide
1446 2578 1510 2601 tom.
1533 2581 1586 2607 xvi,
1608 2583 1669 2610 pag.
1692 2576 1743 2603 038
1761 2578 1799 2612 (R.
1820 2578 1869 2615 T.)-

1193 2619 1210 2645 2
1230 2619 1258 2646 ln
1280 2620 1331 2647 loc.
1355 2619 1447 2655 parali,
1470 2619 1567 2655 legitur
1591 2624 1638 2645 VIII
1659 2622 1698 2656 (n.
1719 2622 1768 2657 T.)-

1735 2704 1748 2721 ⁷⁴)
