2254 3225
213 227 266 254 An.
285 225 312 252 c.
334 225 403 253 1094
448 215 512 249 698

406 274 483 307 tium
499 277 666 317 promotus
684 272 754 315 erit,
768 270 1024 316 praecedentiass
1044 273 1142 304 alter—

405 327 512 360 native
547 332 655 360 tamen
681 336 753 359 eum
777 324 966 369 praeposito
991 325 1138 357 Psalmo-

407 378 526 421 diensi,
552 381 601 413 vel
627 379 801 419 annuatim,
832 379 881 411 vel
912 388 972 421 per
996 387 1139 417 menses,

407 439 463 467 aut
493 434 572 467 alias
601 437 698 477 prout
721 432 835 465 melius
859 431 938 475 ipsis
961 430 1141 469 videbitur,

407 487 495 520 iuxta
522 487 650 520 illorum
677 485 817 528 desuper
842 482 1038 517 ineundam²
1067 491 1144 514 con-

407 539 601 579 ventionem,
615 549 717 581 usque
732 538 771 570 ad
786 537 880 577 diem,
896 546 970 579 quo,
985 545 1045 578 per
1058 534 1143 567 illius

407 603 534 626 cessum
557 593 607 625 vel
633 592 813 630 decessum,
836 594 890 622 aut
914 588 1008 621 aliam
1033 597 1144 630 quam-

408 656 546 689 cumque
564 644 784 678 dimissionem
798 643 849 676 vel
867 641 1081 682 amissionem,
1099 640 1144 672 di-

408 704 493 732 ctum
522 698 713 731 decanatum
737 705 851 729 vacare
878 693 1061 736 contigerit,
1085 702 1144 735 po-

408 751 463 784 tiri
488 755 519 784 et
543 750 605 783 frui
631 750 768 790 debeat·,
797 748 960 791 quodque,
991 746 1017 779 si
1042 744 1144 778 conti-

409 804 494 847 gerit
525 803 721 847 capitulares
745 801 980 834 Nemausenses
1009 807 1144 840 congre-

408 857 488 900 gari,
506 861 603 900 prout
623 856 661 889 de
682 864 783 895 more,
800 863 860 897 pro
881 850 1143 895 impositionibus

409 910 621 949 deeimarum,
641 909 690 941 vel
712 918 771 951 pro
797 905 1021 949 impositarum
1047 903 1144 936 ratio-

407 962 504 995 nibus
521 961 704 1001 reddendis,
724 965 755 993 ct
772 959 815 992 ibi
840 958 890 1001 agi
910 958 1006 990 etiam
1028 956 1146 989 debeat

409 1015 448 1048 de
473 1015 630 1047 interesse
648 1012 786 1056 praefati
806 1010 937 1054 capituli
956 1008 1143 1049 Alesiensis‚

408 1068 513 1101 eidem
537 1067 677 1110 capitulo
693 1064 851 1098 Alesiensi
870 1064 965 1097 liceat
978 1073 1076 1095 unum
1093 1063 1143 1095 vel

408 1121 489 1154 duos
521 1120 561 1152 de
594 1118 718 1162 gremio
754 1118 912 1160 deputare
944 1116 982 1149 ad
1011 1117 1144 1148 interes-

407 1173 547 1206 sendum
576 1170 884 1214 congregationibus
916 1179 972 1202 seu
1005 1167 1144 1202 comitiis

408 1225 662 1269 capitularibus,
689 1223 742 1267 qui
779 1222 946 1266 deputati,
979 1222 1029 1254 vel
1063 1222 1145 1254 alter

407 1278 549 1319 illorum,
573 1277 714 1310 comitiis
754 1275 907 1319 praefatis
946 1274 1144 1318 praecedere

409 1332 550 1366 debeant
564 1330 726 1364 canonicis
739 1328 1020 1368 Nemausensibus,
1032 1327 1144 1367 etita³,

408 1386 453 1419 si⁴
473 1385 638 1426 contingat
663 1382 858 1426 capitulares
876 1381 1062 1414 Alesienses
1085 1391 1144 1424 pro

409 1438 570 1472 similibus
592 1435 855 1479 impositionibus
886 1439 918 1467 et
941 1435 1069 1467 illarum
1096 1444 1147 1466 ra-

409 1492 532 1525 tionum
556 1488 795 1523 redditionibus
821 1487 1026 1530 congregari,
1051 1486 1146 1520 liceat

409 1546 516 1579 eidem
541 1543 682 1587 capitulo
711 1540 923 1574 Nemausensi
946 1540 1096 1573 similiter
1113 1550 1146 1571 u-

409 1608 487 1631 num
511 1597 561 1630 vel
587 1588 665 1628 duos
691 1595 729 1627 de
756 1594 878 1636 gremio
905 1593 1033 1635 eligere
1049 1620 1056 1633 ,
1091 1592 1145 1635 qui

409 1649 565 1685 comitiis⁵
579 1647 802 1681 Alesiensibus
816 1645 1024 1685 intervenire,
1042 1650 1073 1678 et
1089 1656 1145 1688 pa-

408 1705 489 1737 riter
523 1701 696 1735 canonicos
732 1699 914 1733 Alesienses
947 1698 1145 1742 praecedere

410 1757 569 1795 debeant;
596 1764 671 1787 cura
695 1764 793 1796 porro
818 1752 1006 1791 animarum,
1029 1756 1059 1784 et
1084 1752 1146 1784 alia

411 1820 512 1843 onera
527 1807 681 1842 ecclesiae
694 1805 955 1845 Psalmodiensis,
969 1815 1049 1848 quae
1061 1804 1147 1837 abin-

411 1863 449 1896 de
481 1862 520 1895 ad
552 1860 720 1894 ecclesiam
746 1859 945 1892 Alesiensern
981 1857 1145 1890 transferri

410 1926 475 1948 non
501 1918 667 1957 poterunt,
694 1923 750 1945 seu
776 1922 857 1955 quae
884 1911 928 1944 ibi
953 1921 970 1942 a
994 1910 1147 1953 capitula-

411 1969 499 2001 ribus
522 1965 821 1999 Psalmodiensibns
840 1964 998 1997 destinata
1018 1964 1147 1996 suerunt

411 2020 596 2064 adimpleri,
617 2029 677 2062 per
698 2018 817 2051 ibidem
837 2018 1027 2051 existentem
1045 2021 1147 2049 recto-

410 2084 479 2107 rem
494 2077 648 2112 curatum,
663 2081 698 2103 ae
712 2072 818 2110 talem,
833 2080 926 2112 quem
942 2069 1040 2101 iidem
1055 2078 1147 2101 eano-

411 2126 477 2159 nici
501 2124 759 2158 Psalmodienses
783 2121 1002 2155 necessarium
1024 2121 1147 2154 iudica-

411 2179 515 2219 runt⁶,
533 2187 702 2211 numerum
720 2176 994 2219 presbyterorum,
1011 2175 1148 2217 assigna-

411 2232 452 2266 tis
476 2230 594 2265 rectori
619 2235 730 2263 curato
757 2239 793 2261 ac
817 2228 1012 2271 presbyteris
1037 2227 1148 2260 huius-

449 2305 460 2329 1
483 2303 514 2329 In
535 2302 629 2329 Gallia
657 2300 824 2327 Christiana
840 2299 938 2334 legitur
948 2298 1148 2334 praesidentia

413 2350 441 2375 el
459 2345 666 2382 praecedentia
687 2349 722 2373 (n.
739 2345 778 2377 T.)

447 2392 464 2420 2
479 2392 627 2426 Perperam
643 2389 707 2416 edit.
720 2389 798 2415 lllain.
811 2388 875 2422 legit
888 2389 1046 2416 iucundam
1056 2388 1148 2422 (ar).

449 2437 466 2465 3
484 2436 539 2463 Vox
558 2436 600 2463 ila
616 2435 691 2461 deest
710 2434 735 2459 in
760 2434 855 2460 Gallia
874 2433 1041 2460 Christiana
1054 2434 1146 2467 (nan).

449 2481 466 2508 h
486 2479 618 2507 Particula
637 2479 663 2505 si
683 2486 730 2504 nos
749 2476 871 2503 addimus
890 2481 927 2507 (a.
949 2480 996 2506 τ.).

448 2526 465 2553 5
483 2524 550 2551 Male
564 2523 660 2551 Gallia
671 2521 841 2549 Christiana
853 2521 905 2555 leg.
918 2521 1045 2547 conciliis
1056 2521 1148 2551 (sert.

447 2569 464 2596 6
483 2567 577 2604 Aptius
598 2567 693 2595 Gallia
715 2565 881 2594 Christiana
901 2564 965 2600 legit
993 2565 1150 2592 iudicarint

413 2616 452 2651 (a.
467 2614 516 2650 τ.).

983 221 1164 247 nuttltntun
1186 221 1343 246 ROMANUM

1183 271 1269 304 modi
1299 282 1357 314 pro
1380 272 1521 314 congrua
1546 281 1656 304 eorum
1683 271 1918 305 sustentatione

1185 323 1335 356 omnibus
1362 329 1393 356 et
1417 324 1551 367 singulis
1576 325 1730 357 fructibus
1755 324 1919 358 decimali-

1184 376 1242 408 bus
1266 377 1442 420 parochiae
1478 377 1621 411 eiusdem
1653 377 1807 411 ecclesiae
1832 377 1919 410 Psal-

1185 429 1370 469 modiensis,
1392 430 1477 463 iuxta
1492 431 1632 473 desuper
1648 441 1719 463 cum
1737 430 1918 463 interventu

1186 487 1217 514 et
1230 483 1349 515 auctori
1357 487 1419 516 tate
1430 483 1574 527 episcopi
1587 483 1818 517 Nemausensis
1831 493 1920 526 prae-

1186 535 1239 567 sati
1264 535 1375 568 initam
1395 537 1655 577 transactionem,
1673 537 1805 569 omnino
1819 537 1920 569 adim-

1185 589 1350 632 pleantur;
1377 589 1408 621 in
1434 589 1568 622 ecclesia
1591 600 1666 622 vero
1691 589 1850 623 Alesiensi
1875 589 1922 622 su-

1187 648 1276 674 turus
1301 648 1332 675 et
1350 654 1408 685 pro
1428 648 1573 686 tempore
1591 642 1732 676 existens
1750 643 1920 686 episcopus

1186 705 1295 728 euram
1328 695 1506 728 animarum
1531 696 1707 739 praefatam
1740 706 1798 739 per
1822 695 1922 729 sacri-

1186 753 1266 780 stam
1280 753 1311 780 et
1328 748 1394 781 eius
1411 748 1576 788 vicarium,
1593 753 1628 780 ut
1644 753 1748 789 antea,
1766 749 1831 781 una
1847 758 1921 781 cum

1187 801 1312 834 eisdem
1338 802 1565 835 emolumentis
1602 801 1719 845 quibus
1754 807 1828 835 ante
1853 811 1923 835 ere-

1186 854 1325 887 ctionem
1362 854 1547 887 huiusmedi
1576 854 1739 887 fruebatur
1763 859 1795 887 et
1818 854 1922 898 potie-

1186 908 1289 948 batur,
1306 908 1450 940 exerceri
1468 907 1582 947 saciat3
1605 918 1640 940 ae
1658 918 1717 951 pro
1735 907 1782 940 sui
1798 907 1922 951 episco-

1187 960 1252 1004 pali
1269 960 1455 1000 residentia,
1474 971 1530 993 usu
1549 966 1580 993 et
1597 960 1799 993 habitatione
1824 961 1921 993 aedes

1187 1024 1244 1056 per
1268 1013 1489 1053 dioecesanos,
1510 1013 1562 1056 qui
1587 1012 1675 1046 iuxta
1698 1023 1821 1046 morem
1846 1023 1924 1056 pro-

1188 1066 1312 1099 vinciae
1333 1066 1518 1104 Quitaniae¹
1537 1066 1771 1099 habitationem
1797 1066 1923 1109 episco-

1187 1121 1293 1162 palem
1320 1125 1507 1152 construere
1534 1124 1698 1160 tenentur,
1715 1119 1922 1152 destinandas

1188 1174 1236 1206 vel
1255 1173 1501 1213 construendas,
1518 1177 1571 1205 aut
1590 1172 1673 1205 iusto
1693 1172 1798 1215 pretio
1816 1182 1923 1204 emen·

1188 1226 1255 1265 das,
1282 1225 1400 1258 babeat
1425 1230 1456 1258 et
1481 1225 1666 1268 possideat,
1696 1235 1826 1258 necnon
1851 1225 1922 1257 iure

1189 1278 1328 1322 eligendi
1356 1284 1388 1311 et
1412 1277 1589 1322 deputandi
1615 1278 1799 1311 scholarum
1830 1287 1924 1321 prae-

1188 1337 1339 1375 ceptores
1375 1342 1429 1364 seu
1461 1331 1635 1373 magistros
1661 1331 1767 1375 quoad
1792 1330 1923 1364 easdem

1188 1385 1327 1424 scholas,
1347 1388 1441 1417 antea
1466 1389 1498 1416 et
1522 1384 1677 1416 hactenus
1703 1384 1741 1416 ad
1767 1393 1925 1426 praecen-

1191 1444 1292 1471 torem
1319 1438 1473 1471 eeelesiae
1498 1437 1725 1470 Nemausensis
1756 1441 1923 1480 spectante

1189 1497 1220 1525 et
1240 1491 1437 1535 pertinente,
1451 1491 1637 1524 omnimode
1663 1490 1797 1530 fruatur,
1815 1495 1924 1522 utatur

1190 1550 1220 1578 et
1239 1545 1387 1587 gaudeat,
1401 1544 1582 1587 respective
1601 1544 1778 1582 statuimus,
1796 1543 1925 1576 ordina-

1189 1609 1259 1631 mus
1282 1608 1317 1631 ac
1342 1598 1437 1630 etiam
1464 1597 1676 1637 declaramus,
1705 1596 1866 1639 expressis
1884 1597 1923 1629 ad

1190 1652 1268 1684 haec
1283 1651 1392 1684 omnia
1410 1655 1442 1683 et
1456 1650 1581 1692 singula
1599 1655 1663 1682 tam
1684 1649 1924 1693 archiepiscopi

1188 1704 1427 1745 Narbonensis,
1459 1713 1552 1746 quam
1580 1703 1724 1746 episcopi
1760 1709 1792 1736 et
1827 1703 1924 1736 etiam

1189 1757 1412 1801 praecentoris
1455 1766 1583 1789 necnon
1622 1755 1850 1788 Nemausensis
1888 1766 1925 1788 ae

1190 1809 1365 1843 Alesiensis
1383 1815 1414 1842 et
1432 1808 1686 1841 psalmodiensis
1713 1808 1925 1841 ecelesiarum

1189 1862 1374 1896 huiusmodi
1405 1861 1635 1904 capitulorum,
1654 1860 1834 1904 respective
1867 1871 1922 1893 ac-

1189 1916 1378 1949 cedentibus
1404 1914 1586 1947 assensibus
1620 1919 1651 1947 et
1678 1914 1887 1947 consensibus
1901 1912 1922 1945 ².

1188 1970 1322 2012 Insuper
1355 1968 1451 2001 etiam
1486 1967 1666 2010 episcopo,
1694 1966 1925 2009 dignitatibus,

1189 2023 1331 2065 capitulo
1354 2027 1385 2054 et
1406 2021 1570 2054 canonicis
1597 2021 1762 2063 praefatis,
1781 2020 1833 2052 ut³
1850 2021 1925 2063 (pro

1189 2074 1305 2108 dietae⁴
1321 2074 1475 2107 eeclesiae
1490 2073 1662 2106 Alesiensis
1680 2083 1715 2105 ac
1732 2073 1818 2105 illius
1837 2083 1927 2105 men-

1189 2138 1244 2160 sae
1281 2125 1478 2169 capitularis,
1504 2125 1670 2158 sacristiae
1705 2131 1736 2157 et
1769 2125 1922 2163 fabricae,

1190 2180 1320 2214 earum⁵
1340 2190 1447 2213 rerum
1469 2184 1500 2211 et
1516 2179 1675 2212 bonorum
1694 2184 1757 2211 tam
1775 2179 1926 2221 spiritua-

1190 2234 1268 2268 lium
1294 2243 1390 2277 quam
1409 2232 1634 2276 temporalium
1655 2242 1815 2275 prospero
1833 2237 1865 2265 et
1881 2231 1926 2264 se-

1227 2297 1236 2323 i
1261 2296 1289 2323 In
1303 2296 1398 2324 Gallia
1412 2295 1579 2322 Christiana
1593 2293 1645 2328 legi
1658 2293 1925 2328 Occitanz‘ae(n‚'r.).

1225 2341 1241 2367 ἐξ
1261 2340 1331 2367 Edit.
1353 2340 1432 2366 lllain.
1448 2339 1514 2374 legit
1533 2339 1774 2365 consentientibus
1789 2345 1827 2365 (n.
1844 2339 1894 2369 τ.).

1226 2388 1241 2413 3
1261 2386 1307 2413 Vel
1327 2385 1452 2421 particul.
1468 2388 1499 2412 uc
1518 2384 1642 2418 delenda,
1663 2385 1706 2411 vel
1726 2384 1874 2419 legendum
1895 2387 1927 2412 ut

1191 2433 1315 2459 habeant
1334 2434 1371 2463 (R.
1393 2431 1441 2463 T.)-

1228 2476 1290 2503 4111
1318 2476 1413 2503 Gallia
1442 2474 1610 2502 Christiana
1635 2474 1732 2508 legitur
1756 2475 1927 2509 praedictae

1191 2521 1250 2548 loco
1267 2529 1322 2555 pro
1343 2520 1454 2551 diclae;
1476 2527 1528 2545 non
1549 2519 1629 2552 bene,
1650 2522 1679 2545 ut
1699 2522 1761 2554 puto
1780 2522 1818 2553 (n.
1839 2519 1889 2554 TV).

1227 2566 1243 2592 5
1265 2565 1392 2599 [egerem
1413 2571 1587 2596 carumque;
1605 2562 1632 2589 in
1649 2563 1745 2591 Gallia
1761 2563 1926 2592 Christiana

1192 2612 1233 2637 est
1252 2616 1406 2643 eorumque
1424 2613 1461 2642 tn.
1478 2610 1526 2641 Τ.).

1924 221 1974 249 An.
1990 222 2018 249 C.
2039 222 2107 251 1692
