2254 3225
222 287 271 313 au.
288 284 316 311 c.
340 284 407 312 1700
452 274 529 313 938.

250 1951 373 1975 Exordium.

1001 288 1181 312 BULLARIUM

414 335 547 367 illorum
580 334 749 368 sufficienti
787 335 1000 379 derogatione
1027 337 1065 369 de
1092 337 1155 370 illis

415 399 595 432 eorumque
617 389 691 421 totis
720 389 885 422 tenoribus
911 389 1071 433 specialis,
1089 400 1156 433 spe-

417 441 518 482 cifica,
536 453 691 486 expressa
707 448 737 474 ct
755 442 933 482 individua,
950 454 985 476 ac
1001 443 1039 476 de
1056 443 1155 476 verbo

415 496 454 527 ad
481 496 622 535 verbum,
643 506 706 529 non
733 502 839 529 autem
857 507 916 539 per
933 497 1092 529 clausulas
1109 507 1158 539 ge-

415 549 544 582 nerales
571 548 656 582 idem
688 549 903 592 importantes
920 576 927 589 ,
954 549 1076 581 mentio
1101 559 1156 581 seu

416 602 549 644 quaevis
568 602 629 634 alia
656 601 822 645 expressio
848 601 1009 641 habenda,
1032 607 1086 634 aut
1103 601 1155 633 ali—

416 666 478 697 qua
493 655 553 687 alia
575 654 731 698 exquisita
751 655 853 688 forma
867 655 904 687 ad
923 655 984 687 boc
1003 654 1159 687 servanda
1178 658 1180 681 ἰ

415 707 516 746 soret,
545 708 675 740 illorum
714 708 858 740 omnium
893 714 924 741 et
955 707 1157 751 singulorum

415 766 566 801 tenores,
593 762 711 794 formas
733 789 739 801 ,
768 772 880 794 causas
906 766 937 794 et
972 761 1158 794 occasiones

414 815 643 856 praesentibus
668 825 729 858 pro
760 816 858 858 plene
893 821 923 848 et
961 814 1160 848 sufficienter

416 869 579 911 expressis
612 874 643 901 et
680 869 810 901 insertis
847 874 877 902 et
921 867 1158 901 accuratissime

416 921 610 965 specificatis
628 928 660 954 et
681 922 816 955 servatis
838 922 1015 966 respective
1034 921 1159 955 haben-

417 980 474 1015 tes,
495 975 561 1008 illis
581 975 660 1009 alias
682 976 714 1008 in
736 986 793 1009 suo
821 976 942 1009 robore
967 986 1159 1019 permansu-

414 1029 471 1069 ris,
489 1030 527 1062 ad
545 1030 804 1073 praemissorum
830 1030 990 1071 effectum,
1009 1030 1071 1063 bac
1087 1030 1157 1063 vice

415 1083 592 1123 dumtaxat,
622 1084 810 1127 specialiter
835 1089 865 1117 et
883 1094 1037 1127 expresse
1063 1084 1158 1116 dero-

415 1147 539 1178 gamus,
559 1147 595 1169 ac
612 1137 801 1180 plenissime
821 1143 853 1170 et
878 1137 1082 1181 amplisssme
1104 1136 1157 1170 de-

414 1196 561 1233 rogatum
589 1201 658 1224 esse
685 1191 854 1231 volumus,
877 1191 1063 1234 ceterisque
1081 1201 1158 1224 con-

415 1244 523 1277 trariis
542 1244 813 1289 quibuscumque.

458 1298 572 1331 Datum
599 1298 731 1339 Romae,
752 1298 839 1342 apud
864 1298 896 1332 S.
916 1297 1047 1331 Mariam
1065 1297 1159 1331 Maio-

414 1363 495 1392 rem,
516 1352 575 1385 sub
587 1353 708 1385 annulo
729 1352 913 1394 Piscatoris,
928 1352 980 1385 die
1006 1361 1062 1385 vm
1082 1351 1156 1384 maii

413 1415 511 1448 nnec,
536 1405 742 1450 pontificatus
767 1405 873 1439 nostri
899 1416 984 1439 anno
1011 1415 1051 1439 1x.

451 1469 510 1497 Dat.
528 1470 573 1497 die
588 1469 605 1496 8
621 1470 683 1497 maii
701 1470 779 1505 1700,
800 1470 900 1505 pontit.
923 1478 994 1496 anno
1014 1476 1051 1496 tx.

719 1586 856 1620 CXCl'll.

418 1658 664 1701 Confirmantnr
701 1658 946 1690 constitutiones
980 1656 1160 1699 Conyreqa-

463 1712 563 1744 tionis
589 1711 770 1744 charitatis
795 1710 827 1743 S.
855 1709 1030 1753 Hippolyti
1055 1710 1091 1741 in
1108 1709 1161 1741 In-

461 1765 526 1798 diis
553 1764 817 1798 Occz'dentalibus
831 1762 852 1796 ¹.

603 1835 797 1863 Innocentius
818 1835 898 1868 Papa
918 1835 982 1867 XII,

541 1884 577 1908 ad
598 1883 773 1916 perpetuam
793 1879 838 1907 rei
859 1880 1042 1906 memoriam.

462 1944 504 1978 Ex
531 1944 677 1977 iniuncto
704 1943 799 1976 nobis
831 1942 983 1975 divinitus
1009 1942 1162 1985 apostoli-

419 2010 474 2032 cae
495 1998 656 2032 servitutis
683 2008 828 2037 munere,
854 1997 891 2030 ad
919 2007 965 2036 ca,
992 2006 1052 2039 per
1078 2006 1160 2039 quae

419 2052 616 2085 christianae
654 2051 823 2084 charitatis
860 2056 891 2083 et
928 2050 1161 2093 hospitalitatis

419 2116 520 2149 opera
544 2104 666 2148 ubique
693 2106 850 2143 locorum,
868 2114 904 2136 ac
921 2103 1111 2146 praesertim
1130 2102 1160 2135 in

421 2158 650 2192 remotissimis
676 2157 715 2190 ab
742 2158 802 2190 bac
827 2157 943 2190 Sancta
959 2156 1041 2189 Sede
1067 2157 1163 2199 parti-

420 2213 480 2244 bus
505 2217 690 2256 opportune
709 2216 955 2254 promoventur,
979 2210 1164 2243 favorabili-

421 2271 471 2298 ter
496 2265 713 2304 intendentcs‚
738 2263 1000 2296 christifidelium
1030 2273 1164 2306 congre-

422 2317 567 2360 gationes
609 2317 641 2349 in
682 2316 823 2360 idipsum
864 2316 1018 2350 laudabili
1056 2317 1164 2350 studio

421 2370 650 2404 incumbentes
667 2369 849 2413 apostolico
870 2370 978 2403 favore
996 2370 1165 2414 prosequi-

421 2435 507 2465 1nur;
526 2435 561 2457 ac
578 2424 727 2467 proinde,
746 2434 783 2456 ea
801 2434 884 2466 quae
904 2434 965 2467 pro
984 2424 1067 2457 felici
1090 2434 1165 2467 pro—

422 2489 588 2522 speroque
614 2478 743 2511 illarum
768 2477 925 2521 regimine
952 2483 983 2511 et
1003 2479 1164 2521 gubernio

459 2568 470 2593 1
495 2566 565 2594 Haec
586 2566 765 2601 Congregatio
786 2570 878 2593 erecta
897 2566 948 2593 fuit
968 2568 1076 2594 constit.
1098 2567 1163 2594 edit.

424 2618 505 2647 unce,
517 2612 560 2639 die
574 2612 608 2638 ⁹20
619 2612 695 2644 maii,
712 2612 808 2647 pontit.
829 2618 875 2645 1x3
896 2611 959 2638 etin
972 2611 1117 2639 Clementis
1132 2612 1164 2639 XI

1206 288 1361 313 ROMANUM

1200 339 1331 381 provide
1373 338 1617 382 prudenterque
1657 336 1832 370 constituta
1869 347 1940 370 esse

1200 395 1386 430 noscuntur,
1403 397 1437 423 ut
1456 390 1544 423 firma
1565 400 1695 434 semper
1720 395 1815 434 atque
1841 389 1943 422 invio-

1201 444 1263 477 lata
1303 445 1496 488 persistant,
1542 444 1713 488 apostolici
1751 442 1940 477 muniminis

1201 498 1376 540 praesidio.
1401 509 1473 531 cum
1495 498 1525 531 id
1544 509 1560 531 a
1578 498 1672 531 nobis
1689 497 1820 541 petitur,
1840 496 1942 530 liben-

1202 554 1251 582 ter
1275 551 1533 584 constabilimus.

1245 603 1260 646 §
1289 603 1319 636 1.
1351 603 1474 647 Exponi
1513 604 1675 647 siquidem
1711 604 1805 637 nobis
1836 614 1941 647 nuper

1951 287 2002 316 An.
2013 287 2043 316 C.
2067 287 2135 316 ¹700

2011 616 2138 637 Refer-untur

1951 644 2020 664 (lictae
2036 646 2137 664 constitu-

1203 655 1276 688 fecit
1301 655 1437 689 dilectus
1463 657 1546 690 tilius
1570 656 1708 690 Ioannes
1734 657 1773 691 de
1791 657 2026 699 Cabreraflsones.

1201 715 1397 753 procurator
1411 711 1575 753 generalis
1590 710 1857 754 Congregationis
1868 711 1944 745 Cha-

1203 763 1308 796 ritatis
1334 764 1392 796 sub
1419 763 1512 797 titulo
1537 764 1568 797 S.
1596 764 1764 809 Hippolyti
1796 765 1944 808 martyris

1204 816 1235 849 in
1265 817 1392 850 civitate
1429 817 1593 851 Mexicana
1629 818 1766 862 aliisque
1799 818 1944 862 partibus

1203 869 1366 903 Indiarum
1413 871 1669 905 Occidentalium
1714 871 1885 905 novissime
1927 882 1944 904 a

1202 924 1297 957 nobis
1329 925 1359 957 in
1390 925 1585 968 religionem
1614 931 1751 966 erectae,
1770 926 1856 969 quod
1882 936 1943 969 pro

1204 977 1287 1011 felici
1307 989 1530 1022 prosperoque
1550 979 1651 1012 dictae
1674 978 1944 1021 Congregationis

1202 1030 1362 1074 regimine
1404 1037 1436 1064 et
1475 1032 1635 1075 gubernio
1675 1032 1775 1065 sactae
1817 1032 1945 1064 suerunt

1202 1085 1380 1118 nonnullae
1417 1085 1679 1126 constitutiones,
1706 1095 1787 1129 quae
1820 1085 1943 1118 revisae

1203 1142 1234 1170 et
1251 1138 1460 1178 examinatae,
1477 1138 1559 1171 acin
1573 1149 1672 1171 unum
1686 1138 1843 1172 collectae
1860 1143 1943 1178 sunt,

1203 1191 1322 1225 tenoris
1348 1192 1401 1236 qui
1428 1193 1584 1236 sequitur,
1611 1193 1781 1226 videlicet:

1252 1258 1265 1277 a
1292 1256 1313 1279 1.
1341 1245 1416 1279 Cum
1442 1246 1633 1290 principalis
1657 1257 1774 1290 scopus
1802 1246 1943 1290 Congre-

1203 1299 1344 1341 gationis
1370 1299 1435 1333 sive
1469 1299 1598 1333 Ordinis
1624 1299 1796 1333 Cliaritatis
1831 1301 1872 1332 sit
1897 1306 1942 1333 at-

1204 1353 1337 1385 tendere
1369 1353 1520 1396 operibus
1553 1353 1782 1396 corporalibus
1819 1353 1945 1386 miseri-

1203 1407 1332 1439 cordiae
1358 1417 1469 1440 versus
1494 1418 1655 1451 pauperes
1683 1407 1838 1448 infirmos,
1868 1418 1946 1440 con-

1204 1461 1414 1500 valescentes,
1440 1466 1673 1504 mentecaptos,
1699 1461 1846 1504 aliosque
1872 1472 1947 1504 ege-

1203 1524 1270 1553 nos,
1289 1524 1355 1547 uon
1374 1506 1543 1547 debebunt
1564 1521 1640 1548 tunc
1658 1516 1773 1549 fratres
1800 1515 1945 1549 eiusdem

1203 1567 1371 1599 attendere
1408 1567 1517 1600 studio
1554 1567 1756 1608 litterarum·,
1793 1568 1946 1601 nonnulli

1203 1624 1310 1652 tamen
1337 1630 1409 1652 cum
1427 1620 1559 1653 licentia
1580 1621 1687 1653 fratris
1713 1620 1846 1653 maioris
1864 1621 1946 1654 Con-

1204 1673 1404 1715 gregationis
1423 1684 1555 1716 operam
1574 1685 1689 1707 navare
1708 1679 1866 1717 poterunt
1881 1685 1946 1708 me-

1205 1725 1331 1759 dicinae
1357 1733 1389 1760 et
1413 1727 1609 1770 chirurgiae,
1632 1734 1797 1771 tamquam
1824 1728 1945 1761 artibus

1205 1779 1395 1812 necessariis
1415 1790 1474 1822 pro
1495 1780 1638 1823 propriis
1663 1781 1862 1822 ministeriis,
1880 1781 1946 1814 dis-

1205 1833 1372 1875 pensando
1399 1833 1459 1866 hac
1483 1833 1515 1865 in
1541 1839 1631 1877 parte
1657 1834 1738 1867 Sede
1760 1834 1946 1878 Apostolica

1205 1885 1236 1918 in
1256 1887 1356 1920 sacris
1382 1887 1560 1919 canonibus
1584 1888 1783 1930 generaliter
1804 1888 1946 1922 studium

1206 1939 1365 1972 dictorum
1399 1940 1517 1972 artium
1545 1941 1709 1983 religiosis
1741 1941 1947 1985 prohibenti-

1205 1994 1288 2026 bus:
1312 1993 1460 2026 similiter
1484 1994 1544 2034 illi,
1564 1995 1617 2037 qui
1636 1995 1667 2027 in
1686 1995 1945 2029 conformitatem

1205 2047 1425 2090 praesentium
1452 2048 1719 2081 constitutionum
1748 2050 1944 2090 studuerint,

1205 2106 1240 2133 ut
1263 2100 1300 2133 ad
1327 2101 1542 2134 sacerdotium
1568 2108 1829 2145 promoveantur,
1854 2109 1948 2147 pote-

1205 2160 1281 2187 runt
1306 2160 1337 2187 et
1363 2155 1529 2187 debebunt
1553 2155 1668 2188 studiis
1695 2156 1894 2197 incumbere,
1915 2162 1948 2190 et

1207 2208 1338 2251 quidem
1382 2208 1608 2251 principaliter
1651 2210 1879 2251 grammaticae
1912 2215 1947 2242 ut

1206 2261 1348 2304 linguam
1376 2261 1506 2295 latinam
1525 2261 1607 2294 bene
1626 2261 1821 2305 intelligant,
1843 2267 1874 2295 et
1899 2272 1947 2295 ca-

1207 2315 1296 2348 sibus
1322 2315 1554 2348 conscientiae.

1253 2380 1285 2403 11.
1314 2369 1428 2402 Totum
1449 2369 1578 2402 Ordinis
1604 2370 1796 2413 gubernium
1820 2370 1946 2404 reside-

1208 2434 1242 2456 re
1279 2423 1412 2456 debebit
1443 2423 1475 2455 in
1509 2433 1574 2456 uno
1608 2423 1778 2466 superiore
1810 2434 1882 2457 cum
1908 2424 1946 2457 ti-

1209 2478 1275 2510 tulo
1295 2477 1403 2510 fratris
1420 2476 1551 2509 maioris
1569 2476 1739 2519 generalis
1756 2476 1789 2509 in
1807 2483 1948 2521 quatuor

1208 2531 1356 2565 eiusdem
1381 2530 1587 2570 consiliariis,
1613 2535 1644 2563 et
1668 2531 1700 2563 in
1726 2532 1948 2575 superioribus

1207 2585 1377 2624 localibus,
1407 2595 1479 2617 cum
1507 2584 1598 2617 titulo
1624 2584 1757 2617 fratrum
1790 2586 1949 2619 maiorum

424 2658 533 2684 constit.
555 2656 618 2684 edit.
638 2663 729 2692 mucci,
746 2656 790 2683 die
810 2656 844 2683 20
864 2655 941 2691 iunii,
962 2657 1058 2692 pontif.
1076 2663 1094 2692 1,
1110 2657 1165 2693 agi·
1207 2639 1371 2679 localium,
1398 2637 1452 2681 qni
1490 2637 1584 2670 electi
1622 2647 1693 2671 ⁶353ss
1726 2638 1893 2672 debebunt
1916 2639 1949 2674 i¹1

425 2706 469 2729 tur
483 2701 516 2729 de
536 2701 682 2737 privilegiis
692 2704 718 2728 et
729 2701 919 2737 promovendis
935 2705 1008 2729 extra
1029 2705 1163 2737 tempora.
1207 2693 1310 2727 sormi}
1335 2692 1498 2737 sequenti.

1980 1255 2009 1276 De
2023 1256 2108 1278 studiis.

1984 2377 2014 2400 Do
2031 2377 2143 2404 zuber-nim

2239 2698 2254 2813 οψ*·
