2254 3225
201 222 252 246 Αιτ.
272 220 298 248 C.
319 220 385 248 ¹093
430 214 495 246 564

241 1285 374 1306 Confirmatio

192 1313 253 1333 υἱώ
269 1313 356 1334 decreti.

213 2452 332 2476 clausulae.

393 280 464 303 esse
498 272 741 306 convocandum
773 276 805 306 et
828 272 1060 307 celebrandum
1091 273 1124 306 in

391 322 488 356 Urbe.

436 376 484 409 Ad
499 376 567 410 ssum:
585 377 709 411 Titulos
725 389 794 412 esse
810 378 1026 413 conferendos
1040 378 1126 411 iuxta

391 430 521 462 modum
552 431 786 474 praescriptum
816 432 849 465 in
879 432 1122 466 constitutioni-

390 480 452 515 bus
480 483 597 516 Urbani
625 495 685 527 pro
706 485 880 518 Minoribus
900 483 1126 518 Conventuali-

390 534 464 575 bus,
490 535 539 568 tit.
565 546 630 578 xxi,
657 547 745 569 num.
772 537 804 570 5.

435 587 481 620 Ad
504 587 575 621 7⁰⁰²:
596 589 722 622 Patrem
743 590 930 631 generalem
947 599 1012 622 non
1029 597 1124 632 posse

390 649 451 673 nec
476 641 597 674 debere
622 642 777 685 deputare
799 641 1056 675 commissarium
1075 651 1125 683 ge-

390 693 618 735 neralem,nisi
631 694 760 737 quando
779 694 848 738 ipsc
863 693 1029 736 egreditur
1045 692 1124 726 fines

389 744 525 786 ltaliae,
557 752 588 779 et
611 757 670 790 pro
707 757 746 780 eo
780 747 945 780 dumtaxat
977 751 1123 789 tempore

389 808 453 841 quo
472 805 560 833 extra
577 799 700 833 italiam
724 805 951 833 commoratur.

433 851 481 884 Ad
518 852 591 885 8⁰³²:
627 853 817 885 Exliibenda
850 858 882 886 et
913 852 1123 885 examinanda

390 913 460 938 esse
492 905 622 939 decreta
658 912 693 939 ut
727 906 883 939 asseritur
919 906 1020 946 sacta,
1057 916 1123 938 non

388 958 547 992 retardata
565 959 694 992 interim
714 959 902 993 eorumdem
916 959 1120 992 executione.

433 1011 554 1045 Romae
579 1012 631 1045 die
655 1023 726 1046 xxix
752 1012 826 1044 maii
848 1021 1005 1045 iinexcni.

432 1064 469 1096 Et
505 1065 587 1097 saeta
624 1065 828 1097 sanctissimo
864 1065 903 1097 de
936 1065 1123 1107 praemissis

387 1117 555 1158 relatione,
581 1117 740 1151 Sanctitas
765 1117 827 1150 Sua
853 1117 1123 1160 Congregationis

387 1171 581 1203 sententiam
607 1171 639 1203 in
665 1171 816 1204 omnibus
841 1170 981 1213 benigne
1010 1171 1125 1214 proba-

387 1223 441 1256 rit.
467 1224 584 1257 Romae
610 1234 638 1257 vi
664 1223 808 1256 octobris
832 1233 1025 1257 1⁸11)ch111».

431 1277 445 1320 g
470 1277 500 1309 Ξ.
521 1276 596 1310 Cum
614 1282 729 1316 autem,
749 1276 833 1309 sicut
850 1276 1047 1309 venerabilis
1066 1276 1124 1309 sra-

387 1334 436 1361 ter
453 1335 563 1362 noster
583 1330 764 1362 Alderanus
780 1328 952 1372 episcopus
966 1328 1122 1362 Ostiensis

385 1382 416 1415 S.
439 1382 476 1415 Ρι.
498 1383 534 1416 Ε.
554 1382 727 1414 cardinalis
741 1382 826 1425 Cybo
845 1387 1058 1425 nuncupatus,
1078 1382 1124 1415 di-

385 1436 427 1468 cti
453 1435 582 1468 Ordinis
608 1436 690 1478 apud
716 1445 775 1468 nos
795 1440 826 1468 et
845 1435 961 1468 Sedem
987 1436 1122 1478 Aposto-

385 1489 479 1521 licam
500 1494 678 1532 protector,
694 1487 789 1520 nobis
807 1488 945 1520 subinde
962 1489 1121 1531 exposuit,

384 1541 455 1584 ipse
481 1541 645 1574 decretum
671 1540 880 1581 huiusmodi,
908 1551 973 1584 quo
997 1541 1121 1574 firmius

384 1595 539 1627 subsistat
563 1599 594 1627 et
618 1599 764 1627 servetur
788 1595 944 1636 exactiUS,
969 1595 1122 1637 apostoli-

384 1658 440 1681 cae
476 1646 733 1681 confirmationis
769 1652 900 1680 nostrae
937 1648 1120 1691 patrocinio

384 1700 578 1733 communiri
611 1701 786 1744 plurimum
819 1701 1002 1734 desideret:
1036 1711 1118 1742 nos,

383 1754 490 1797 ipsum
515 1755 712 1787 Alderanum
738 1754 948 1797 episcopum,
974 1754 1120 1787 cardina—

383 1809 448 1841 lem
467 1813 498 1841 et
513 1812 733 1851 protectorem
753 1807 904 1851 specialis
923 1808 1030 1841 favore
1049 1818 1120 1850 gra-

383 1861 446 1893 tiae
467 1860 626 1904 prosequi
647 1861 806 1901 volentes,
826 1860 893 1894 eius
911 1861 1120 1904 supplicatio-

383 1915 478 1946 nibus
505 1914 599 1946 nobis
618 1925 718 1957 super
735 1914 797 1947 hoc
822 1914 987 1947 humiliter
1013 1925 1120 1957 porre-

382 1967 442 2000 ctis
475 1967 633 2008 inclicati,
658 1967 823 2000 decretum
855 1967 1118 2011 praeinsertum,

382 2031 419 2053 ac
442 2020 551 2053 omnia
583 2027 614 2053 et
645 2020 771 2063 singula
795 2021 828 2053 in
854 2031 892 2054 eo
919 2026 1072 2054 contenta
1090 2027 1121 2054 et

383 2084 544 2117 expressa,
572 2074 763 2107 auctoritate
789 2074 980 2117 apostolica,
1006 2079 1120 2107 tenore

382 2126 621 2169 praesentium,
648 2127 864 2170 approbamus
894 2132 925 2160 et
955 2126 1120 2160 confirma-

382 2189 465 2219 mus,
481 2179 611 2222 illisque
630 2179 828 2212 inviolabilis
847 2180 1043 2222 apostolicae
1068 2179 1120 2212 fir-

381 2231 503 2264 mitatis
535 2232 636 2265 robur
667 2232 855 2273 adiicimus,
888 2242 924 2265 ae
952 2244 1064 2267 omnes
1090 2239 1121 2267 et

381 2285 529 2328 singulos
565 2285 644 2318 iuris
671 2290 703 2318 et
728 2286 801 2318 sacti
834 2286 987 2327 desectus,
1014 2287 1041 2320 si
1066 2288 1119 2331 qui

382 2339 523 2382 desuper
566 2340 816 2383 quomodolibet
857 2340 1118 2382 intervenerint,

381 2393 584 2435 supplemus.

424 2444 439 2488 ἓ
462 2444 494 2478 3.
521 2445 753 2486 Decernentes‚
775 2445 905 2479 easdem
931 2452 1120 2490 praesentes

379 2498 507 2531 litteras
532 2508 662 2541 semper
681 2497 799 2538 firmas,
817 2499 940 2532 validas
967 2506 999 2532 et
1020 2501 1120 2532 effica-

381 2562 434 2585 ces
461 2551 601 2584 existere
627 2556 658 2584 et
678 2552 758 2592 sore,
786 2562 928 2596 suosque
953 2554 1118 2596 plenarios

381 2610 413 2639 et
439 2604 586 2648 integros
607 2604 739 2638 effectus
764 2606 873 2638 sortiri
899 2611 930 2639 et
955 2607 1116 2648 obtinere,

963 225 1141 250 BULLARIUM
1165 225 1319 250 ROMANUM

1166 284 1202 306 ae
1222 274 1299 316 illis,
1318 275 1357 308 ad
1376 284 1455 318 quos
1480 278 1606 318 spectat
1622 279 1653 308 et
1668 284 1728 318 pro
1749 278 1899 317 tempore

1167 327 1435 370 quandocumque
1460 327 1629 370 spectabit,
1651 327 1684 360 in
1700 327 1850 361 omnibus
1868 330 1900 359 et

1166 390 1227 422 per
1250 379 1360 413 onmia
1383 379 1573 424 plenissime
1597 379 1779 422 suffragari,
1806 384 1839 413 et
1860 378 1899 413 ab

1167 431 1213 464 eis
1236 432 1420 475 respective
1451 431 1686 465 inviolabiliter
1715 431 1899 472 observari,

1166 484 1277 527 sicque
1300 484 1334 516 in
1366 484 1554 528 praemissis
1581 494 1640 527 per
1676 495 1900 528 quoscumque

1165 536 1290 570 iudices
1313 537 1496 570 ordinarios
1528 542 1560 570 et
1588 537 1775 580 delegatos,
1803 537 1901 571 etiam

1166 599 1335 622 causarum
1361 590 1471 633 palatii
1502 590 1674 633 apostolici
1710 590 1898 632 auditores,

1166 641 1303 675 iudicari
1328 647 1360 674 et
1383 641 1511 675 definiri
1537 642 1659 675 debere
1675 669 1683 684 ,
1710 652 1747 676 ae
1769 642 1902 676 irritum

1166 700 1198 727 et
1221 695 1328 736 inane,
1347 695 1372 728 si
1388 705 1485 728 secus
1504 705 1603 739 super
1620 695 1670 728 his
1687 706 1706 729 a
1723 706 1900 739 quoquam,

1165 747 1275 790 quavis
1300 747 1504 789 auctoritate,
1524 747 1666 782 scienter
1680 749 1731 782 vel
1748 748 1903 792 ignoran-

1167 805 1231 841 ter,
1253 800 1428 844 eontigerit
1451 801 1615 834 attentari.

1209 853 1224 896 g
1248 853 1279 886 4.
1306 853 1376 886 Non
1402 854 1608 887 obstantibus
1632 853 1838 898 praemissis,
1865 865 1902 888 ac
1939 867 2095 888 nazaraeorum

1912 894 2032 920 derogatio.

1165 907 1452 940 constitutionibus
1482 912 1513 940 et
1541 907 1802 941 ordinationibus
1828 919 1903 952 apo-

1166 960 1299 1001 stolicis,
1321 971 1460 1001 necnon,
1475 966 1634 1004 quatenus
1652 972 1734 1005 opus
1752 961 1804 1002 sit,
1825 962 1902 995 dicti

1165 1011 1306 1054 Ordinis,
1332 1013 1444 1046 aliisve
1469 1013 1660 1057 quibusvis,
1692 1013 1790 1047 etiam
1817 1014 1903 1047 iura-

1165 1071 1295 1106 mento,
1331 1065 1575 1099 confirmatione
1611 1067 1816 1110 apostoliea,
1849 1072 1903 1100 aut

1166 1118 1276 1161 quavis
1301 1118 1451 1151 firmitate
1483 1119 1546 1152 alia
1569 1119 1751 1160 roboratis,
1775 1119 1902 1152 statutis

1166 1175 1197 1204 et
1221 1171 1528 1211 consuetudinibus,
1555 1171 1734 1215 privilegiis
1760 1182 1902 1215 quoque,

1166 1223 1298 1256 indultis
1325 1229 1357 1257 et
1380 1223 1496 1257 litteris
1522 1224 1711 1267 apostolicis
1728 1223 1761 1257 in
1778 1230 1903 1258 eontra-

1166 1276 1248 1309 rium
1274 1277 1526 1320 praemissorum
1553 1277 1798 1320 quomodolibet
1822 1288 1901 1311 con-

1165 1329 1276 1370 cessis,
1302 1329 1500 1363 confirmatis
1524 1336 1556 1364 et
1578 1330 1762 1372 innovatis;
1784 1330 1902 1375 quibus¹

1165 1383 1316 1416 omnibus
1350 1388 1381 1416 et
1415 1383 1574 1426 singulis,
1601 1383 1731 1417 illorum
1768 1389 1901 1417 tenores

1166 1445 1223 1479 pro
1254 1436 1352 1479 plene
1387 1441 1418 1468 et
1450 1435 1649 1469 sufficienter
1684 1435 1845 1479 expressis
1869 1441 1901 1468 et

1164 1488 1294 1521 insertis
1319 1488 1494 1529 habentes,
1520 1488 1586 1521 illis
1611 1485 1689 1521 alias
1714 1488 1747 1521 in
1767 1499 1826 1522 suo
1850 1499 1902 1522 ro-

1163 1541 1244 1573 bore
1279 1541 1525 1583 permansuris,
1562 1541 1602 1574 ad
1638 1541 1900 1584 praemissorum

1163 1593 1325 1635 effectum,
1346 1595 1407 1627 hae
1425 1595 1493 1627 vice
1514 1595 1690 1635 dumtaxat,
1713 1594 1902 1638 specialiter

1163 1652 1360 1690 etexpresse
1381 1647 1597 1690 derogamus3
1617 1647 1802 1691 ceterisque
1826 1658 1902 1681 con-

1163 1700 1270 1733 trariis
1296 1700 1570 1744 quibuscumque.

1207 1754 1278 1797 55.
1306 1754 1460 1787 Volumus
1496 1759 1605 1787 autem
1638 1759 1674 1787 ut
1709 1755 1898 1788 earumdem
1950 1764 2013 1785 temes
2037 1767 2095 1786 iran-

1910 1795 2048 1818 sumpturum.

1161 1807 1385 1850 praesentium
1400 1807 1579 1840 litterarum
1598 1808 1821 1851 transumptis,
1843 1818 1901 1841 seu

1163 1860 1331 1903 exemplis,
1350 1859 1638 1903 etiamimpressis,
1655 1871 1752 1894 manu
1766 1861 1901 1894 alicuius

1162 1913 1280 1945 notarii
1297 1913 1420 1956 publici
1438 1912 1642 1956 subscriptis,
1661 1919 1692 1947 et
1708 1914 1817 1957 sigillo
1830 1924 1904 1958 per-

1162 1976 1261 1999 sonae
1280 1966 1313 1998 in
1330 1966 1553 1999 ecclesiastiea
1570 1966 1727 2009 dignitate
1745 1967 1903 2000 eonstitu-

1162 2024 1213 2052 tae
1231 2019 1375 2059 munitis,
1398 2019 1510 2052 eadem
1531 2030 1665 2062 prorsus
1685 2020 1764 2053 tides
1781 2020 1901 2064 ubique

1162 2073 1309 2105 locorum
1335 2077 1398 2105 tam
1422 2072 1455 2104 in
1488 2072 1607 2105 iudicio
1640 2083 1736 2116 quam
1757 2078 1845 2105 extra
1864 2072 1903 2106 it-

1162 2125 1218 2159 lud
1243 2126 1425 2165 habeatur,
1452 2136 1533 2168 quae
1566 2125 1644 2168 ipsis
1668 2125 1899 2168 praesentibus

1164 2179 1342 2212 haberetur
1372 2179 1398 2212 si
1434 2179 1540 2212 forent
1573 2179 1739 2212 exhibitae
1772 2180 1823 2212 vel
1859 2190 1897 2213 0—

1162 2238 1307 2266 stensae.

1205 2287 1319 2320 Datum
1344 2286 1477 2327 Romae,
1495 2285 1582 2329 apud
1602 2285 1634 2319 S.
1650 2285 1780 2319 Mariam
1805 2286 1902 2320 Maio-

1163 2351 1254 2381 rem,
1289 2340 1349 2373 sub
1381 2340 1503 2372 annulo
1539 2339 1734 2379 piscatoris,
1762 2339 1816 2372 die
1847 2350 1900 2373 mx

1163 2394 1307 2427 octobris
1341 2402 1489 2427 uncxem
1503 2418 1511 2433 ,
1548 2391 1758 2436 pontificatus
1794 2392 1900 2426 nostri

1163 2457 1249 2480 anno
1274 2456 1325 2480 111.

1197 2509 1254 2537 Dat.
1274 2509 1318 2551 die
1337 2509 1368 2536 19
1383 2507 1500 2536 octobris
1518 2508 1594 2542 1093,
1614 2509 1716 2543 pontii.
1739 2516 1811 2537 anno
1825 2514 1866 2537 ιιι.

1903 225 1956 254 An.
1977 225 2008 254 C.
2025 225 2093 253 ¹093
