2227 3225
102 292 151 317 An.
167 290 195 317 C.
219 289 287 317 1699

132 1367 288 1388 Contrariorum

107 1394 224 1419 derogatio,

880 285 1092 309 {NNOCENTIL’S
1121 286 1163 309 ΧΗ
1189 286 1236 309 Pr.

297 338 376 378 sore,
395 346 540 380 suosque
565 335 732 379 plenarios
751 339 781 367 et
803 334 948 377 integros
965 332 1038 366 etl'e-
1058 342 1062 351 ·

297 396 366 423 ctus
393 389 502 422 sortiri
522 393 554 421 et
570 389 728 429 obtinere,
747 398 782 421 ae
799 387 875 427 illis,
895 387 932 419 ad
956 397 1037 430 quos

296 449 419 488 spectat
445 448 477 476 et
501 454 560 486 pro
597 448 746 486 tempore
783 441 968 486 spectabit,
1004 440 1036 472 iu

297 496 447 531 omnibus
462 501 494 529 et
511 506 569 540 per
586 496 692 528 onmia
710 495 901 539 plenissime
920 499 948 526 et
969 504 1037 537 per·

296 556 395 595 petuo
421 549 614 592 suffragari,
642 554 673 582 et
706 549 745 582 ab
776 548 822 581 eis
856 546 1037 591 respective

296 603 535 637 inviolabiliter
568 608 600 636 et
628 603 821 636 inconcusse
853 599 1036 640 observari,

297 658 410 702 sicque
436 662 468 690 et
492 667 557 690 non
583 657 677 690 aliter
703 657 733 689 in
760 655 949 699 praemissis
980 664 1039 697 per

298 721 519 755 quoscumque
543 710 667 743 iudices
685 709 867 743 ordinarios
893 714 925 741 et
950 708 1038 741 dele-

298 770 400 808 gatos,
423 764 518 797 etiam
537 774 706 797 causarum
732 762 842 806 palatii
868 760 1038 804 apostolici

298 817 474 857 auditores,
501 828 537 850 ae
563 817 709 849 eiusdem
732 816 762 848 S.
784 816 820 849 tt.
840 815 873 848 E.
894 814 1040 847 cardina-

298 872 366 911 les,
394 871 488 904 etiam
514 870 554 903 de
587 871 687 903 latere
720 870 870 912 legatos,
903 873 934 900 et
959 867 1040 900 alios

300 923 464 968 quoslibet
491 933 696 966 quacumque
728 920 986 965 praeeminentia
1009 925 1041 953 et

299 981 462 1020 potestate
483 976 653 1019 fungentes
669 981 699 1008 et
719 976 895 1013 iuncturos,
914 973 1041 1006 sublata

299 1031 345 1065 eis
373 1036 404 1064 et
429 1041 542 1064 eorum
569 1030 706 1063 cuilibet
739 1029 850 1073 qiiavis
877 1029 973 1062 aliter
998 1027 1041 1059 iu-

301 1085 429 1118 dicandi
477 1090 509 1117 et
551 1083 787 1127 interpretandi
825 1083 974 1115 facultate
1009 1085 1042 1114 et

301 1138 503 1178 auctoritate,
530 1137 667 1170 iudicari
695 1143 726 1170 et
751 1136 877 1169 definiri
904 1136 1038 1174 debere,

301 1202 336 1224 ac
361 1191 488 1224 irritum
515 1196 545 1224 et
571 1191 676 1231 inane,
699 1190 724 1223 si
751 1201 844 1223 secus
870 1188 1039 1232 superbis

300 1255 318 1276 a
334 1254 508 1288 quoquam,
534 1244 645 1287 quavis
670 1243 873 1282 auctoritate,
900 1242 1042 1275 scienter

299 1299 349 1331 vel
376 1297 574 1340 ignoranter,
601 1296 771 1339 contigerit
795 1295 961 1329 attentari.

344 1351 359 1395 ἓ
385 1351 415 1384 7.
442 1351 512 1384 Non
545 1351 755 1384 obstantibus
789 1355 1041 1382 memoratorum

299 1404 429 1437 Ioannis
448 1404 578 1437 Antonii
603 1410 634 1437 et
652 1403 811 1436 Francisci
837 1404 1040 1446 aliorumque

300 1462 494 1491 testatorum
521 1463 552 1491 et
574 1458 702 1500 piorum
725 1457 917 1500 largitorum
945 1457 1040 1489 etiam

299 1511 420 1544 ultimis
445 1511 669 1544 voluntatibus
684 1512 704 1551 ¹,
723 1522 801 1554 quas
821 1510 930 1554 quoad
949 1521 1042 1553 prae-

299 1564 398 1597 missa
431 1564 629 1597 sufficienter
655 1569 687 1597 et
711 1574 864 1607 expresse
896 1573 1042 1596 commu-

300 1624 416 1659 tamus,
432 1618 569 1662 aliisque
586 1618 737 1651 omnibus
754 1624 784 1651 et
798 1617 936 1660 singulis
952 1628 1042 1661 prae-

299 1671 417 1711 missis,
436 1682 473 1704 ac
494 1671 533 1704 de
552 1671 620 1704 iure
643 1671 769 1714 quesito
795 1681 861 1704 non
882 1671 1041 1709 tollendo,

301 1725 482 1768 ceterisque
509 1725 628 1758 nostris
655 1730 687 1758 et
710 1725 929 1758 Cancellariae
959 1725 1043 1767 Apo-

301 1777 436 1810 stolicae
465 1778 598 1820 regulis,
626 1778 762 1821 aliisque
788 1778 989 1821 apostolicis,
1012 1784 1043 1811 et

301 1831 334 1863 in
361 1831 599 1864 universalibus
620 1831 940 1874 provincialibusque
967 1842 1044 1864 con-

301 1884 384 1918 ciliis
405 1884 512 1923 editis,
532 1885 742 1927 generalibus
760 1886 808 1917 vel
834 1885 1042 1928 specialibus,

300 1937 588 1971 constitutionibus
614 1943 644 1970 et
673 1938 936 1970 ordinationibus
966 1948 1044 1981 apo-

301 1991 436 2031 stolicis,
455 2001 592 2031 necnon,
613 1997 774 2034 quatenus
789 2002 870 2034 opus
889 1991 937 2030 sit,
954 2002 1045 2034 prae-

303 2045 378 2078 dicti
396 2045 635 2085 valetudinarii,
654 2055 710 2077 seu
730 2045 912 2088 hospitalis,
931 2045 1043 2078 aliisve

303 2099 484 2143 quibusvis,
511 2099 608 2132 etiam
635 2099 817 2132 iuramento
835 2126 842 2138 ,
876 2098 1045 2132 confirma-

302 2152 389 2185 tione
403 2152 597 2195 apostolica,
615 2153 664 2185 vel
684 2153 795 2196 quavis
815 2152 964 2185 firmitate
983 2152 1045 2185 alia

300 2205 474 2245 roboratis,
501 2205 627 2237 statutis
664 2211 695 2238 et
731 2205 1041 2244 consuetudinibus,

300 2258 396 2291 etiam
415 2258 728 2291 immemorabilibus
742 2286 749 2299 ,
769 2259 949 2302 privilegiis
967 2269 1046 2301 quo-

302 2322 377 2355 que,
405 2311 539 2344 indultis
566 2317 598 2344 et
623 2312 738 2344 litteris
767 2312 967 2355 apostolicis,
986 2312 1043 2343 sub

302 2364 559 2408 quibuscumque
600 2365 771 2398 verborum
811 2365 977 2397 tenoribus
1013 2370 1045 2397 et

301 2417 423 2457 formis,
451 2428 521 2450 cum
547 2418 715 2461 quibusvis
745 2419 842 2451 etiam
870 2419 1043 2460 derogato-

302 2471 424 2504 riarum
450 2472 663 2514 derogatoriis
680 2499 688 2512 ,
722 2472 859 2515 aliisque
887 2472 1044 2504 efficacio-

302 2524 400 2564 ribus,
416 2525 646 2558 efficacissimis
671 2536 707 2558 ac
732 2525 870 2559 insolitis
892 2525 1045 2558 clausulis

303 2583 335 2611 et
356 2578 508 2617 decretis,
527 2579 558 2611 in
577 2590 698 2621 genere
723 2580 772 2612 vel
799 2579 831 2611 in
857 2580 975 2622 specie,
993 2581 1044 2612 vel

302 2631 382 2664 alias
401 2632 651 2673 quomodolibet
675 2633 708 2665 in
733 2633 934 2666 contrarium
951 2643 1046 2676 prae-

341 2694 350 2720 1
374 2692 445 2720 Male
465 2692 530 2721 edit.
548 2693 632 2722 Main.
649 2693 715 2731 legit
734 2695 891 2723 voluntatis
906 2698 944 2730 (n.
961 2696 1009 2729 13).

1718 274 1780 309 887

1081 333 1259 366 missorum
1285 333 1470 371 concessis,
1497 333 1692 367 confirmatis
1718 342 1749 368 ct
1773 335 1821 367 in-

1082 387 1231 426 novatis;
1266 386 1384 430 quibus
1416 387 1567 420 omnibus
1601 392 1631 419 et
1663 387 1820 429 singulis,

1081 440 1209 472 etiamsi
1236 450 1295 483 pro
1321 439 1451 472 illorum
1486 439 1657 472 sufficienti
1689 440 1822 482 deroga-

1082 493 1170 526 tione
1200 493 1239 526 de
1270 492 1333 526 illis
1356 503 1535 535 eorumque
1557 492 1634 525 totis
1656 493 1822 525 tenoribus

1082 546 1244 590 specialis,
1270 546 1421 589 specifica
1437 572 1444 585 ,
1469 556 1623 589 expressa
1652 550 1685 578 et
1710 545 1824 578 indivi-

1082 601 1153 640 dua,
1170 611 1205 633 ac
1223 601 1261 633 de
1278 600 1376 633 verbo
1394 600 1434 633 ad
1456 600 1608 640 verbum,
1628 610 1692 632 non
1714 604 1822 632 autem

1082 665 1141 698 per
1159 655 1323 687 clausulas
1344 654 1517 696 generales
1543 652 1629 685 idem
1647 652 1825 696 importan-

1083 713 1137 748 tes,
1164 708 1287 740 mentio
1320 718 1377 739 seu
1404 707 1534 750 quaevis
1566 706 1629 739 alia
1656 705 1822 749 expressio

1083 761 1245 800 habenda,
1263 766 1317 793 aut
1339 760 1448 804 aliqua
1465 760 1526 793 alia
1544 760 1706 803 exquisita
1725 760 1824 792 forma

1083 815 1121 847 ad
1149 815 1210 847 hoc
1231 814 1391 847 servanda
1420 814 1522 854 soret,
1556 818 1688 846 tenores
1715 813 1826 846 huius-

1082 867 1170 900 modi
1208 867 1434 910 praesentibus
1462 877 1521 910 pro
1551 868 1647 910 plene
1680 872 1711 899 et
1736 866 1825 899 suffi-

1083 921 1208 954 cienter
1233 921 1396 963 expressis
1426 931 1461 953 ac
1485 920 1615 953 insertis
1641 919 1823 959 habentes,

1084 975 1148 1008 illis
1166 975 1244 1008 alias
1263 974 1295 1006 in
1314 984 1371 1006 suo
1394 974 1513 1008 robore
1535 973 1766 1017 permansuris,
1786 974 1824 1007 ad

1083 1028 1337 1072 praemissorum
1364 1027 1525 1068 effectum,
1553 1028 1613 1060 bac
1639 1027 1707 1060 vice
1737 1028 1826 1060 dum-

1085 1087 1177 1122 taxat,
1196 1080 1384 1124 specialiter
1398 1086 1428 1113 et
1443 1091 1596 1124 expresse
1616 1081 1825 1123 derogamus,

1083 1135 1269 1178 ceterisque
1295 1134 1470 1168 contrariis
1495 1134 1771 1178 quibuscumque.

1129 1187 1199 1232 §8.
1226 1188 1380 1221 Volumus
1419 1193 1526 1220 autem
1563 1193 1598 1219 ut
1636 1188 1824 1220 earumdem

1085 1243 1304 1287 praesentium
1325 1237 1506 1274 litterarum
1533 1241 1754 1285 transumptis,
1770 1236 1826 1275 seu

1085 1296 1252 1339 exemplis,
1272 1295 1367 1328 etiam
1394 1294 1576 1338 impressis,
1604 1305 1701 1327 manu
1730 1295 1829 1328 alicu-

1085 1350 1134 1382 ius
1153 1348 1272 1381 notarii
1296 1347 1418 1391 publici
1444 1347 1645 1390 subscriptis,
1664 1353 1696 1380 et
1719 1347 1826 1391 sigillo

1085 1414 1245 1447 personae
1272 1403 1303 1435 in
1329 1402 1549 1435 ecclesiastica
1571 1401 1727 1444 dignitate
1752 1412 1828 1434 con-

1085 1457 1215 1489 stitutae
1253 1455 1408 1495 munitis,
1443 1455 1555 1488 eadem
1589 1465 1723 1497 prorsus
1747 1454 1827 1487 fides

1085 1511 1207 1554 ubique
1240 1511 1387 1542 locorum
1422 1514 1484 1542 tam
1518 1509 1550 1541 in
1584 1508 1704 1541 iudicio
1731 1519 1828 1551 quam

1086 1571 1177 1596 extra
1208 1564 1289 1596 illud
1320 1563 1494 1602 habeatur,
1518 1572 1600 1605 quae
1626 1561 1706 1604 ipsis
1737 1571 1828 1603 prae-

1085 1617 1231 1650 sentibus
1266 1617 1444 1650 haberetur
1479 1615 1504 1648 si
1530 1616 1637 1648 forent
1664 1613 1828 1647 exhibitae

1085 1672 1135 1704 vel
1161 1677 1326 1704 ostensae.

1129 1725 1243 1757 Datum
1269 1725 1403 1763 Romae,
1431 1723 1516 1766 apud
1535 1722 1566 1756 S.
1586 1721 1717 1755 Mariam
1734 1721 1830 1755 Maio-

1086 1789 1163 1817 rem,
1175 1778 1233 1810 sub
1248 1778 1369 1810 annulo
1381 1776 1562 1815 piscatoris,
1575 1776 1626 1808 die
1637 1786 1735 1809 xxvnl
1747 1775 1826 1808 iunii

1085 1841 1239 1870 iiocxfflx,
1268 1829 1477 1874 pontificatus
1504 1828 1609 1862 nostri
1635 1839 1720 1862 anno
1747 1838 1812 1862 vni.

1120 1893 1179 1920 Dat,
1197 1892 1240 1919 dic
1257 1892 1290 1919 28
1306 1891 1372 1918 iunii
1392 1891 1471 1923 1699,
1490 1891 1591 1926 pontif.
1614 1899 1686 1917 anno
1703 1896 1759 1917 vul.

1269 2035 1441 2069 CLXXXIII
1468 2035 1526 2078 (al.
1555 2035 1645 2079 184).

1089 2117 1337 2159 Consirmantur
1353 2116 1608 2160 quamplurima
1624 2116 1750 2149 decreta
1768 2115 1830 2148 col-

1132 2170 1210 2213 teyii
1235 2174 1406 2202 cantorum
1431 2169 1574 2213 capellae
1600 2169 1791 2213 pontificiae
1807 2168 1827 2201 ¹.

1269 2250 1466 2278 Innocentius
1488 2250 1566 2283 Papa
1585 2250 1647 2283 xil,

1224 2295 1260 2322 ad
1281 2295 1416 2322 futuram
1436 2295 1481 2322 rei
1501 2295 1682 2322 memoriam.

1131 2366 1194 2410 gl.
1214 2365 1338 2409 Exponi
1357 2366 1450 2399 nobis
1468 2376 1574 2409 nuper
1592 2366 1740 2398 fecerunt
1754 2365 1830 2398 dile-

1087 2472 1216 2515 collegii
1232 2478 1401 2505 cantorum
1418 2473 1562 2515 capellae
1581 2476 1710 2504 nostrae
1726 2477 1829 2514 ponti·
1841 2479 1937 2499 decreta.

1088 2525 1192 2565 liciae,
1214 2525 1302 2569 quod
1324 2526 1445 2558 dudum
1464 2525 1568 2558 l'elicis
1590 2523 1828 2557 recordationis

1126 2608 1132 2631 1
1160 2605 1256 2632 Extant
1285 2605 1420 2640 quaedam
1448 2603 1633 2631 ordinationes
1662 2611 1710 2638 pro
1740 2602 1829 2629 tutiori

1088 2649 1209 2676 custodia
1228 2650 1361 2677 librorum
1378 2650 1403 2676 in
1420 2648 1564 2675 Alexandri
1580 2647 1639 2674 VIII
1660 2647 1766 2674 constit.
1785 2647 1828 2676 ed.

1088 2701 1186 2729 uncae,
1208 2694 1251 2721 die
1275 2695 1304 2722 14
1324 2693 1492 2727 novembris,
1514 2691 1609 2728 pontif.
1631 2698 1660 2720 11.

1829 287 1876 311 An.
1895 286 1920 311 C.
1948 285 2012 312 16119

1879 1194 1939 1214 Fid-¹«

1966 1195 2020 1214 iran-

1838 1224 1965 1248 sunqiturum

1894 2373 1909 2392 Δ
1931 2371 1991 2392 Sixto
2006 2371 2024 2391 V

1840 2403 1940 2418 concessa
1950 2398 1984 2418 suit
1995 2399 2027 2418 di-

1087 2419 1128 2451 eti
1161 2419 1216 2452 tilii
1243 2419 1391 2452 moderni
1424 2419 1577 2461 magister
1602 2424 1633 2451 et
1657 2424 1874 2462 punctatorcw
1891 2425 2027 2449 conca-osa-

1811 2470 1816 2476 ,
1839 2451 1907 2471 cultas
1921 2451 2026 2473 condendi
