2227 3225
145 216 192 242 Au.
210 215 238 243 (3.
261 216 327 244 1694

171 753 283 773 thur-itum

175 1491 276 1516 Legitima
293 1497 332 1511 au-

149 1521 248 1538 ctoritato
264 1521 284 1537 et
301 1524 332 1537 ru-

148 1548 179 1564 sia
191 1545 217 1565 de
228 1550 292 1564 eausa
302 1544 332 1564 in-

148 1573 220 1590 stituta
228 1571 263 1591 niu
274 1577 331 1596 prae-

147 1603 195 1617 uns
217 1597 329 1617 coiicordia

148 1631 158 1643 a
191 1625 330 1649 procuraturi·

149 1650 187 1671 bu»
202 1653 300 1676 partium.

913 217 1122 241 tNNosztzNTtt'S
1147 218 1189 241 xit
1214 219 1261 241 PP.

646 265 734 299 XCIl.

339 345 561 387 Confirmatm·
577 345 747 377 concordia
765 345 851 377 inter
869 346 988 387 fratres
1004 355 1076 388 pro-

380 398 506 430 vinciae
523 397 558 430 S.
577 397 686 430 Iucobi
703 398 739 429 in
755 397 921 440 Hispania
941 397 1077 431 Ordinis

379 450 543 484 Minor-um
569 450 600 483 S.
618 449 785 483 Francisci
808 450 846 482 de
864 450 1077 483 observantia

380 513 478 546 super
501 503 662 536 divisione
689 498 878 547 provinciae
901 507 929 536 e!
954 503 1076 546 officio-

381 566 456 588 rum
470 555 492 589 ¹.

514 628 713 655 Innocentius
734 628 814 671 Papa
834 627 898 661 xil,

479 673 515 700 ad
535 672 668 699 futuram
688 672 731 699 rei
752 672 934 699 memoriam.

383 742 532 776 Debitum
559 743 731 786 pastoralis
757 742 863 783 officii,
882 753 946 785 quo
965 743 1077 775 callio-

339 795 419 829 licae
451 795 615 829 Ecclesiae
652 795 812 838 regimini,
845 795 969 828 meritis
1001 796 1077 828 licet

339 849 527 892 imparibus,
548 859 609 892 per
645 848 844 882 ineffabilem
878 848 1005 881 divinae
1031 859 1077 881 sa-

339 902 480 946 pientiae
510 908 605 945 atque
629 902 821 935 clementiae
847 901 1078 935 abundantiam

339 955 574 1000 praesidemus,
588 955 698 998 exigit,
708 960 753 995 ut,
767 960 938 999 paternam
951 955 1079 998 religio-

340 1019 450 1042 sorum
475 1009 626 1049 virorum,
652 1019 735 1051 quos
759 1008 792 1040 in
817 1008 905 1051 pacis
934 1009 1079 1041 amoeni-

345 1067 409 1095 tate
435 1067 508 1095 vota
533 1072 590 1094 sua
614 1061 777 1095 Altissimo
813 1062 951 1095 reddere
977 1062 1078 1103 decet,

345 1124 453 1147 curam
474 1119 635 1156 gerentes,
653 1114 718 1153 illa,
738 1125 818 1157 quae
839 1125 899 1157 pro
925 1115 1080 1148 dirimen-

343 1167 392 1200 dis
416 1167 502 1200 inter
538 1177 594 1200 eos
630 1167 751 1200 exortis
788 1167 939 1207 dissidiis,
964 1171 1080 1211 perpe-

344 1225 464 1264 tuoque
483 1220 677 1253 stabilienda
695 1220 877 1253 animorum
895 1222 1078 1262 concordia,

342 1273 493 1316 prudenti
529 1273 731 1317 providoque
762 1279 920 1307 conventa
945 1285 1080 1307 noscun-

343 1331 394 1358 tur
430 1336 501 1358 esse
539 1325 689 1366 consilio,
722 1337 786 1369 quo
823 1326 912 1359 firma
949 1337 1081 1370 semper

342 1383 438 1422 atque
456 1377 654 1411 inviolabilia
671 1384 894 1422 permaneant,
910 1380 1078 1422 apostolici

343 1430 533 1463 muniminis
555 1430 657 1463 nostri
686 1431 847 1474 praesidio
873 1432 1077 1465 roboremus.

386 1483 457 1526 gi.
491 1482 615 1526 Exponi
652 1483 813 1526 siquidem
849 1483 944 1516 nobis
976 1495 1080 1528 nuper

345 1535 490 1568 fecerunt
523 1535 633 1568 dilecti
666 1535 725 1568 filii
750 1536 940 1569 Franciscus
965 1537 1039 1570 Diaz
1063 1548 1080 1570 a

342 1588 374 1622 S.
401 1589 634 1628 Bonaventura,
659 1589 764 1622 lector
789 1589 943 1623 iubilatus
970 1596 1001 1623 et
1025 1591 1080 1624 de-

342 1641 454 1685 finitor
478 1641 639 1684 generalis
664 1641 792 1675 Ordinis
818 1643 952 1676 fratrum
980 1644 1080 1677 Mino·

344 1705 414 1727 rum
433 1694 534 1727 sancti
551 1694 712 1728 Francisci
729 1696 767 1728 de
782 1695 1080 1730 Observantiimnn-

343 1753 543 1791 eupatorem,
580 1758 616 1782 ac
642 1748 837 1782 Benedictus
868 1750 906 1782 de
932 1750 1078 1794 Noriega,

344 1811 453 1833 sacrae
480 1800 642 1843 teologiae
662 1801 765 1834 lector
781 1802 893 1835 itidem
916 1803 1079 1844 iubilatus,

342 1864 470 1886 necnon
507 1853 643 1886 Didacus
669 1854 720 1887 del
745 1854 885 1895 Castulo,
910 1857 998 1889 verbi
1024 1857 1079 1890 Dei

343 1905 564 1949 praedicator,
592 1906 707 1939 fratres
751 1918 902 1950 expresse
942 1909 1080 1951 professi

343 1958 531 2002 provinciae
560 1958 591 1992 S.
623 1959 730 1992 lacobi
767 1960 799 1992 in
826 1961 978 2004 Hispania
1004 1963 1080 1995 dicti

343 2010 473 2044 Ordinis
502 2022 538 2044 ac
563 2017 790 2054 procuratores
812 2013 1007 2046 diversarum
1032 2025 1082 2048 re-

343 2064 484 2108 spective
505 2065 645 2108 partium
672 2076 729 2098 seu
754 2066 919 2100 nationum
938 2068 1079 2101 eiusdem

342 2117 542 2162 provinciae,
564 2118 662 2161 quod,
682 2129 753 2152 cum
769 2119 854 2152 iuxta
879 2121 1081 2155 constitutio-

343 2182 420 2204 num
446 2171 696 2215 apostoliearum
726 2178 757 2206 et
774 2178 967 2207 statutorum
986 2186 1080 2218 geue-

343 2224 460 2257 ralium
493 2224 638 2257 eiusdem
671 2224 800 2259 Ordinis
831 2227 1078 2270 dispositionem

342 2276 461 2320 cuique
485 2277 674 2321 provinciae
692 2277 820 2311 Ordinis
845 2280 1003 2322 praedicti
1025 2291 1080 2314 sua

342 2329 553 2372 particularia
588 2334 707 2364 statuta
742 2332 921 2366 concedere
955 2333 1000 2366 fas
1028 2334 1079 2375 sit,

378 2427 389 2452 1
404 2425 432 2452 1η
444 2430 530 2454 consi.
546 2427 590 2454 ed.
606 2434 725 2463 nomeu,
741 2428 784 2455 die
799 2429 815 2455 9
831 2428 994 2465 decembris,
1011 2439 1078 2466 pon-

342 2469 382 2496 tis.
398 2476 428 2501 ιι,
440 2470 529 2505 agitur
543 2471 577 2498 de
592 2472 752 2499 alternative
766 2473 915 2500 officiorum
932 2476 1002 2500 inter
1017 2483 1079 2509 pro—

343 2514 445 2540 vincias
456 2515 572 2543 Gallicas
582 2519 608 2543 et
622 2517 699 2550 alias;
711 2520 737 2544 et
752 2519 778 2544 in
795 2522 880 2544 const.
898 2518 940 2544 ed.
953 2525 1077 2554 nomeu,

343 2557 387 2585 die
406 2559 420 2585 7
441 2559 565 2593 ianuarii,
588 2560 681 2595 pontis.
697 2568 723 2596 v,
736 2561 769 2588 de
788 2561 946 2589 alternatim
968 2564 994 2589 in
1015 2572 1077 2599 pro-

343 2601 430 2629 vincia
448 2601 585 2632 Ianuensi.

1756 210 1813 243 (zat

1118 271 1215 309 prout
1240 265 1418 305 nationum,
1439 271 1620 308 temporum
1645 272 1677 299 et
1708 268 1854 300 locorum

1118 319 1318 362 aliarumque
1343 319 1656 352 circumstantiarum
1682 320 1779 362 exigit
1809 331 1855 353 ra-

1119 372 1174 412 tio,
1200 373 1373 415 praecipue
1399 373 1528 415 quando
1546 383 1605 416 per
1628 373 1740 405 cadem
1758 383 1856 415 gene-

1118 425 1199 457 ralia
1224 430 1343 458 statuta
1374 436 1438 458 non
1464 425 1540 458 satis
1573 425 1739 468 provisum
1765 436 1856 468 repe-

1120 478 1201 510 ritur
1214 478 1285 522 paci
1304 489 1339 511 ac
1356 478 1485 512 utilitati
1505 474 1641 512 alicuius
1657 477 1854 521 provinciae,

1120 541 1199 574 quae
1219 530 1469 574 particularibus
1489 537 1520 564 et
1540 530 1856 563 accomodatioribus

1120 583 1245 626 indiget
1269 583 1396 625 legibus
1420 589 1454 616 ut
1479 583 1629 616 immunis
1651 583 1807 616 reddatur
1839 594 1857 616 a

1121 636 1244 679 iurgiis,
1273 637 1386 670 litibus
1412 642 1444 670 et
1468 637 1699 680 partialitatum
1725 636 1854 669 zizaniis

1120 699 1202 732 quae
1234 689 1401 732 ceteroqui
1441 690 1518 722 oriri
1554 700 1591 722 ac
1626 689 1659 722 in
1692 689 1760 722 dies
1790 699 1856 722 non

1120 743 1189 775 sine
1226 742 1364 776 maximo
1400 742 1502 786 ipsius
1536 742 1664 775 Ordinis
1695 743 1857 776 dedecore

1121 806 1309 829 excrescere
1339 801 1491 838 possent3
1526 795 1594 839 ipsa
1623 806 1700 829 vero
1726 795 1858 839 provin-

1120 849 1167 881 cia
1191 848 1220 882 S.
1256 849 1364 882 lacobi
1392 849 1445 882 tali
1471 849 1675 892 potissimum
1712 848 1859 891 indigeat

1121 902 1322 945 provisione,
1342 907 1378 934 ut
1398 902 1502 940 malis,
1517 911 1599 945 quae
1619 902 1660 934 ob
1679 901 1753 934 lites
1773 901 1859 934 inter

1121 960 1230 998 partes
1255 955 1438 998 praedictas
1465 955 1631 989 nonnullis
1664 955 1785 988 abhinc
1802 965 1859 987 an-

1122 1008 1170 1041 nis
1196 1013 1361 1041 vertentes
1383 1018 1538 1052 perpessa
1559 1013 1618 1048 est,
1639 1014 1858 1052 opportunum

1122 1061 1303 1094 remedium
1329 1061 1542 1094 adhibeatur:
1569 1061 1630 1104 ipsi
1646 1067 1856 1104 exponentes,

1122 1114 1275 1157 legitimis
1308 1113 1427 1147 sull‘ulti
1462 1115 1621 1147 mandatis
1646 1115 1684 1147 ad
1711 1114 1858 1148 effectum

1122 1166 1317 1210 procurandi
1344 1172 1376 1199 et
1400 1166 1569 1200 obtinendi
1588 1178 1605 1199 a
1622 1167 1736 1200 Sancta
1761 1167 1855 1208 Sede,

1122 1220 1255 1253 nomine
1281 1221 1467 1253 earumdem
1493 1221 1642 1264 partium,
1662 1231 1699 1253 ea
1717 1231 1798 1264 quae
1825 1221 1858 1254 in

1122 1279 1288 1316 posterum
1314 1274 1345 1305 in
1371 1274 1537 1316 praedicta
1554 1274 1720 1317 provincia
1738 1275 1858 1307 servari

1122 1332 1284 1370 oporteat,
1310 1332 1345 1359 ut
1361 1327 1434 1360 lites
1453 1327 1636 1360 huiusmodi
1657 1327 1859 1367 dirimantur,

1122 1390 1182 1412 nec
1214 1379 1289 1412 illae
1316 1379 1346 1412 in
1379 1386 1544 1423 posterum
1578 1381 1780 1419 rexiviscant,
1806 1387 1860 1414 aut

1123 1432 1203 1465 aliae
1229 1432 1454 1472 suboriantur,
1482 1443 1589 1476 neque
1614 1432 1727 1466 divisio
1752 1433 1860 1476 aliqua

1123 1485 1260 1529 amplius
1293 1485 1325 1517 in
1354 1486 1408 1518 illa
1434 1487 1673 1528 praetendatur,
1700 1497 1756 1529 pro
1781 1498 1859 1530 pace

1122 1544 1153 1571 et
1173 1538 1280 1581 quiete
1307 1538 1410 1570 dictae
1437 1538 1631 1581 provinciae,
1659 1550 1782 1572 necnon
1809 1551 1860 1573 rc-

1122 1592 1244 1635 gularis
1281 1591 1495 1634 disciplinae,
1537 1604 1599 1636 qua
1634 1593 1688 1626 illa
1723 1595 1860 1627 antebac

1122 1644 1236 1678 eximie
1261 1644 1381 1684 floruit,
1408 1644 1653 1685 instauratione,
1672 1646 1859 1679 charitative

1122 1703 1153 1731 et
1177 1697 1330 1740 religiose
1356 1698 1394 1730 ad
1421 1698 1627 1731 concordiam
1654 1709 1750 1742 super
1768 1710 1861 1743 prae-

1121 1751 1227 1783 missis
1254 1751 1435 1793 (reservato
1462 1757 1570 1784 tamen
1589 1752 1730 1795 desuper
1748 1759 1859 1786 nostro

1122 1810 1152 1838 et
1169 1804 1264 1837 huius
1282 1804 1417 1837 Sanctae
1435 1804 1528 1838 Sedis
1553 1806 1776 1849 beneplacito)
1803 1808 1860 1840 de-

1121 1862 1288 1896 venerunt,
1316 1867 1386 1890 cum
1414 1857 1548 1890 diversis
1569 1859 1671 1901 pactis
1697 1865 1729 1891 et
1752 1860 1860 1892 condi-

1122 1910 1275 1950 tionibus,
1297 1915 1395 1953 prout
1420 1910 1602 1943 continetur
1634 1912 1665 1943 in
1696 1912 1859 1956 scriptura

1122 1963 1263 2006 desuper
1288 1964 1438 1996 emanata
1465 1964 1586 1996 tenoris
1604 1964 1658 2007 qui
1684 1965 1855 2007 sequitur,

1122 2015 1291 2049 videlicet:

1171 2081 1184 2100 α
1208 2068 1241 2101 In
1267 2074 1426 2101 conventu
1452 2068 1484 2102 S.
1508 2069 1621 2102 lsidori
1647 2069 1778 2103 fratrum
1805 2072 1858 2104 lli-

1121 2122 1297 2155 bernorum
1334 2122 1436 2154 almae
1472 2121 1566 2154 Urbis
1599 2121 1727 2155 Ordinis
1758 2124 1858 2158 Mino-

1122 2186 1191 2208 rum
1222 2175 1260 2208 de
1290 2174 1509 2215 Observantia,
1539 2176 1590 2208 die
1621 2186 1705 2210 xxvu
1727 2187 1858 2211 novem-

1122 2229 1187 2261 bris
1207 2228 1283 2261 anni
1304 2227 1428 2261 Domini
1452 2238 1610 2269 nincxcul,
1635 2237 1859 2264 convenerunt

1121 2281 1153 2313 in
1191 2291 1288 2313 unum
1324 2281 1521 2314 reverendus
1558 2281 1730 2315 admodum
1767 2289 1859 2326 pater

1123 2335 1223 2367 frater
1253 2333 1443 2367 Franciscus
1477 2334 1552 2367 Diaz
1584 2346 1601 2368 a
1632 2335 1663 2368 S.
1691 2336 1858 2370 Bonaven-

1122 2392 1201 2427 tura,
1220 2388 1322 2420 lector
1347 2386 1512 2426 iuhilatus,
1533 2387 1634 2420 sancti
1660 2387 1761 2421 Officii
1786 2400 1858 2433 qua-

1121 2439 1272 2480 lificator‚
1299 2450 1462 2473 sacrarum
1487 2440 1783 2483 Congregationum
1808 2443 1858 2475 In-

1121 2493 1201 2525 dicis
1234 2497 1266 2525 et
1293 2492 1423 2526 Rituum
1456 2494 1640 2535 consultor,
1669 2495 1855 2538 provinciae

1120 2545 1150 2579 S.
1185 2546 1289 2579 lacobi
1326 2547 1449 2590 primus
1488 2551 1600 2590 pater,
1638 2553 1669 2581 et
1703 2548 1855 2582 definitor

1121 2599 1283 2643 generalis
1307 2599 1435 2633 Ordinis
1467 2601 1648 2645 praedicti,
1674 2601 1772 2635 frater
1796 2603 1854 2636 Be-

1866 219 1912 244 An.
1930 217 1956 243 C.
1979 216 2046 243 tout

1920 2079 2052 2100 Concordiae

1870 2108 1939 2128 tenor.
