2254 3225
199 207 248 232 An.
264 205 294 231 c.
315 204 380 230 acca
424 195 467 227 44

265 424 383 456 antii-matio

200 510 214 522 Π
232 455 383 530 Ήὲζιιῖξιῖζιέἒὲἶ
394 467 566 499 missorum
582 466 687 499 robori
702 471 734 498 et
745 464 905 498 efficaciae
919 462 992 507 per‘
1003 468 1128 495 nostras

200 530 252 551 ficis.

391 254 573 295 rogliiamo.
590 253 668 286 Dato
690 253 743 285 nel
769 256 877 285 nostro
902 252 1030 294 palazzo
1051 260 1126 292 apo-

393 308 509 340 stolico
525 307 554 339 di
574 307 680 339 Monte
698 306 835 344 Cavallo,
851 309 966 348 questo
984 304 1014 336 di
1031 313 1126 336 xxviii

394 371 539 403 gennaro
561 369 679 393 innexo.
698 379 719 383 -
737 360 931 391 ALEXANDER
948 357 1034 399 Papa
1050 355 1125 388 vlit.

438 414 453 457 ξ
478 413 509 446 3.
530 414 612 446 Ilinc
630 418 680 444 est
700 412 784 455 quod
804 421 871 450 nos,
890 410 1023 442 firmiori
1042 419 1129 452 prae·

393 520 528 559 litteras,
548 530 627 562 quas
646 519 705 551 sub
723 518 857 561 plumbo
884 516 1070 559 expeditum
1089 513 1128 546 iri

394 573 428 606 in
452 572 574 605 nostris
601 569 844 605 concessionis-‚³
868 568 1025 613 praedicti
1050 567 1131 599 vice-

395 624 640 658 cancellariatus
665 623 772 663 officii,
800 623 885 655 dicto
910 621 1004 654 Petro
1029 618 1131 652 cardi-

395 678 471 718 nali,
489 686 527 710 ut
549 677 742 720 praefertur,
761 676 871 715 sactae,
888 674 1003 707 litteris
1028 672 1131 704 innui—

394 742 466 764 mus
495 742 552 764 seu
577 729 850 773 significavimus,
879 726 1052 771 providere
1083 736 1132 758 vo-

395 787 519 825 lentes,
545 795 580 817 ac
603 782 835 826 motnsproprii
862 787 892 813 et
917 779 1129 822 chirographi

395 838 633 881 praedictorum
665 836 810 869 ciusdem
836 833 1011 867 Innocentii
1038 843 1131 875 prae-

396 891 575 925 decessoris
601 895 729 923 tenores
746 894 777 921 et
796 889 895 927 datas,
918 887 1013 919 etiam
1032 885 1133 918 verio-

396 955 461 984 res,
488 944 616 986 aliaque
642 952 880 986 quaecumque,
908 940 1003 973 etiam
1030 939 1132 982 speci-

395 997 489 1030 sicam
516 1003 547 1030 et
571 996 771 1028 individuam
799 994 999 1027 mentionem
1026 998 1058 1025 et
1082 1003 1132 1024 ex-

395 1050 598 1093 pressionem
615 1045 1060 1091 requirentia,praesentibus
1074 1056 1131 1088 pro

397 1104 492 1145 plene
519 1108 550 1135 et
575 1101 773 1134 sufficienter
797 1099 957 1142 expressis
984 1104 1015 1131 et
1035 1099 1134 1131 inser-

398 1157 438 1188 tis
463 1166 497 1188 ac
523 1154 723 1188 exactissime
745 1152 936 1196 specificatis
962 1152 1130 1193 habentes,

397 1214 485 1242 motu
512 1208 620 1248 simili,
647 1213 678 1240 et
695 1218 730 1239 ex
750 1208 836 1239 certa
854 1205 989 1238 scicntia
1012 1211 1044 1237 et
1068 1217 1133 1238 ma-

396 1264 467 1295 tura
493 1260 725 1294 deliberatione
753 1261 905 1302 meraque
938 1258 1132 1291 liberalitate

397 1315 516 1348 nostris
535 1341 543 1354 ,
580 1313 685 1356 deque
727 1312 923 1355 apostolicae
963 1312 1132 1354 potestatis

396 1367 611 1410 plenitudine,
637 1365 873 1409 praeinsertum
898 1370 1005 1397 votum
1031 1364 1132 1397 dictae

397 1418 662 1462 Congregationis
675 1424 706 1451 et
716 1418 972 1460 chirographum
987 1422 1132 1450 nostrum

397 1474 534 1506 subinde
560 1473 591 1505 in
609 1473 705 1515 plena
722 1471 852 1504 Camera
873 1471 924 1503 die
947 1481 1003 1504 xm
1028 1471 1134 1504 ianua>

397 1527 437 1559 rii
462 1526 623 1558 currentis
655 1525 730 1557 anni
763 1524 945 1557 exhibitum
977 1529 1008 1556 et
1040 1524 1090 1556 die
1116 1535 1133 1557 x

397 1578 552 1612 februarii
578 1578 721 1611 eiusdem
745 1577 821 1609 anni
846 1577 1018 1609 admissum
1038 1581 1070 1609 et
1090 1588 1133 1609 re-

399 1633 574 1675 gistratum‚
606 1641 678 1663 cum
704 1630 855 1663 omnibus
879 1636 910 1663 et
939 1630 1076 1672 singulis
1101 1630 1132 1662 in

398 1685 444 1718 eis
477 1683 639 1717 contentis
674 1689 706 1716 et
740 1683 816 1716 inde
849 1683 967 1716 secutis
1004 1683 1134 1726 quibus-

398 1748 549 1781 cumque,
577 1743 689 1770 tenore
715 1736 937 1780 praesentium
966 1735 1134 1768 confirma-

397 1802 467 1824 mus
492 1797 523 1824 et
547 1791 778 1834 approbamus,
798 1800 833 1823 ac
857 1800 916 1822 nos
937 1794 1005 1822 rata
1033 1795 1134 1831 grata-

398 1855 459 1887 que
484 1844 608 1877 habere
634 1844 842 1882 declaramus,
862 1842 973 1885 illique
999 1842 1133 1874 inviola-

397 1898 472 1931 bilis
493 1903 525 1931 et
542 1897 740 1941 apostolicae
763 1896 922 1929 firmitatis
944 1896 1016 1935 vim,
1034 1896 1134 1928 robur

398 1959 430 1986 et
462 1950 636 1984 efficaciam
670 1950 859 1988 adiicimus,
885 1959 921 1981 ac
953 1959 1065 1981 omnes
1102 1954 1133 1981 et

397 2005 543 2047 singulos
573 2003 652 2036 iuris
683 2009 713 2036 et
738 2002 811 2035 sacti
837 2007 869 2035 et
892 2001 1132 2034 solemnitatum

399 2067 686 2102 quarumcumque,
702 2062 764 2089 tam
790 2067 826 2088 ex
850 2055 927 2088 iuris
953 2054 1132 2087 communis

399 2116 430 2144 et
447 2110 713 2143 constitutionum
728 2108 989 2152 apostolicarum,
1003 2118 1131 2141 necnon

398 2164 601 2196 decretorum
626 2162 721 2195 etiam
746 2161 958 2194 cameralium
979 2166 1011 2193 et
1028 2161 1133 2193 consi-

398 2216 577 2249 storialium
610 2220 641 2248 et
670 2215 820 2248 Gamerae
857 2219 889 2247 et
913 2213 1131 2247 Cancellariae

399 2275 431 2302 et
454 2268 674 2301 summistatus
707 2267 886 2300 officiorum
912 2266 1101 2299 huiusmodi
1122 2293 1129 2307 ,

398 2322 599 2363 aliorumque
619 2320 813 2363 quorumvis,
829 2320 925 2352 etiam
940 2320 1131 2360 iuramento,

399 2373 641 2407 confirmatione
667 2373 915 2416 apostolica,vel
941 2371 1053 2415 quavis
1071 2372 1132 2405 alia

399 2426 547 2460 firmitate
585 2426 836 2466 roboratorum,
871 2430 1065 2459 statutorum
1102 2430 1133 2458 et

399 2479 668 2513 consuetudinum
692 2479 907 2522 praescripto,
932 2489 967 2511 ac
992 2479 1030 2511 de
1048 2479 1131 2522 stylo

434 2550 446 2576 1
462 2549 611 2584 Praeposit.
626 2557 678 2584 per
693 2557 741 2576 nos
756 2548 879 2576 addimus
892 2551 930 2583 (R.
941 2549 990 2583 T.).

432 2594 450 2622 2
464 2594 529 2622 Male
545 2593 608 2622 edit.
624 2593 700 2621 Main.
716 2594 785 2629 legit¹
796 2594 1023 2622 concessionibus
1033 2592 1128 2629 (thau).

969 200 1147 225 BULLARIL'M
1172 200 1324 223 ROMANUM

1171 253 1202 280 et
1227 258 1297 286 usu,
1315 257 1370 279 seu
1388 242 1465 278 alias
1484 245 1736 288 quomodolibet,
1758 246 1790 278 in
1815 245 1905 278 simi-

1170 301 1253 333 libus
1279 305 1310 333 et
1336 299 1374 331 de
1400 299 1593 331 necessitate
1618 299 1905 338 observandarum,

1171 359 1201 386 et
1225 353 1305 386 alios
1324 362 1559 395 quoscumque,
1579 352 1673 384 etiam
1699 352 1904 395 quantumvis

1170 416 1305 448 magnos
1331 411 1363 438 et
1387 406 1549 444 sormalcS,
1568 416 1603 438 ac
1628 406 1861 439 substantiales
1874 412 1906 439 et

1171 458 1415 501 inexcogitatos‚
1442 469 1538 501 quam
1564 458 1830 502 inexcogitabiles
1856 460 1906 492 de-

1172 511 1294 551 sectus,
1321 511 1444 544 etiarnsi
1479 512 1558 544 tales
1590 512 1673 552 sint,
1706 518 1741 545 ut
1775 512 1906 546 nonnisi

1173 564 1252 596 sacta
1283 575 1392 597 corum
1425 564 1575 608 specifica
1599 565 1763 598 mentione
1800 566 1907 598 sanari

1172 617 1304 661 possint,
1320 618 1344 650 si
1366 617 1421 661 qui
1441 617 1473 649 in
1496 618 1623 655 eisdem
1646 618 1835 661 praemissis
1856 620 1906 652 vel

1173 681 1288 703 eorum
1322 671 1429 714 aliquo
1461 671 1688 714 principaliter
1721 673 1770 705 vel
1807 683 1909 705 acces-

1173 724 1279 764 sorie,
1305 724 1550 764 antecedenter,
1576 724 1836 758 concomitanter
1859 727 1908 759 vel

1174 778 1437 821 subsequenter,
1462 788 1518 809 seu
1552 778 1631 811 alias
1664 778 1777 820 quovis
1809 780 1908 812 modo

1174 830 1415 870 intervenerint,
1437 841 1492 863 seu
1512 830 1726 864 intervenisse
1745 831 1820 872 dici,
1840 842 1911 864 cen-

1175 883 1236 915 seri
1263 884 1313 916 vel
1339 883 1508 926 praetendi
1529 889 1648 926 posset,
1667 884 1854 927 plenissime
1879 890 1911 918 et

1174 936 1372 979 amplissime
1397 937 1587 978 supplemus
1613 941 1645 969 et
1674 947 1823 970 sanamus
1840 964 1848 977 ,
1873 948 1910 970 ac

1174 989 1305 1031 penitus
1330 993 1362 1021 et
1387 989 1519 1022 omnino
1545 989 1698 1030 tollimus,
1718 989 1909 1032 perimimus

1175 1047 1206 1074 et
1230 1042 1408 1074 abolemus.

1218 1094 1232 1137 ἓ
1255 1094 1288 1126 4.
1315 1095 1535 1127 Decernentes
1560 1095 1691 1128 easdem
1717 1101 1910 1138 praesentes

1176 1147 1310 1186 litteras,
1327 1157 1363 1180 ac
1387 1147 1419 1180 in
1441 1147 1486 1180 eis
1506 1153 1659 1180 contenta
1676 1158 1910 1191 quaecumque,

1176 1201 1272 1233 etiam
1298 1211 1334 1232 ex
1367 1211 1405 1234 eo
1438 1200 1525 1243 quod
1551 1201 1747 1244 quicumque
1772 1200 1912 1234 ministri

1177 1260 1208 1287 et
1225 1253 1378 1286 officiales
1396 1253 1499 1286 dictae
1517 1252 1669 1286 Gamerae
1687 1257 1815 1286 nostrae
1833 1253 1912 1296 Apo·

1176 1307 1319 1347 stolicae‚
1336 1311 1368 1339 et
1384 1306 1449 1345 alii,
1466 1306 1698 1349 cuiuscumque
1716 1306 1846 1348 gradus,
1863 1316 1914 1339 or-

1177 1359 1269 1399 dinis,
1295 1359 1574 1402 praeeminentiae
1600 1364 1632 1391 et
1660 1358 1826 1401 dignitatis
1851 1359 1913 1391 exi-

1176 1419 1282 1451 stant,
1309 1423 1364 1446 seu
1398 1411 1476 1445 alias
1513 1412 1663 1455 specifica
1694 1417 1726 1444 et
1749 1412 1913 1445 individua

1176 1465 1388 1509 expressione
1414 1465 1512 1507 digni,
1534 1465 1566 1497 in
1588 1464 1709 1498 eisdem
1728 1465 1912 1508 praemissis

1176 1520 1333 1552 interesse
1360 1518 1519 1551 habentes
1544 1528 1600 1551 seu
1620 1518 1741 1551 babere
1766 1523 1914 1561 praeten-

1176 1573 1305 1613 dentes,
1321 1571 1385 1605 illis
1403 1581 1468 1604 non
1487 1570 1721 1610 consenserint,
1739 1581 1800 1603 nec
1817 1571 1855 1604 ad
1874 1582 1913 1604 ea

1176 1625 1280 1665 citati,
1305 1624 1407 1657 vocati
1434 1629 1465 1657 et
1489 1624 1611 1663 auditi,
1637 1634 1744 1667 neque
1776 1634 1908 1666 causae,

1176 1684 1311 1722 propter
1347 1688 1426 1721 quas
1464 1682 1653 1720 praesentes
1679 1676 1909 1719 emanaverint,

1176 1732 1343 1770 adductae,
1359 1730 1566 1774 specificatae
1584 1735 1617 1763 et
1641 1730 1831 1763 iustificatae
1851 1730 1911 1763 sue-

1176 1785 1248 1825 rint,
1275 1790 1305 1817 et
1329 1795 1366 1817 ex
1398 1784 1459 1816 alia
1484 1794 1683 1827 quacumque
1706 1783 1911 1826 quantumvis

1176 1839 1266 1877 iusta,
1284 1837 1347 1881 pia,
1366 1836 1511 1880 legitima
1537 1842 1569 1869 et
1585 1836 1787 1879 privilegiata
1803 1838 1909 1876 causa,

1176 1892 1292 1930 colore,
1311 1895 1480 1934 praetextu
1507 1894 1538 1922 et
1555 1889 1671 1933 capite,
1688 1889 1783 1922 etiam
1800 1889 1832 1922 in
1846 1899 1910 1922 cor-

1175 1955 1254 1988 pore
1281 1944 1360 1976 iuris
1385 1943 1511 1982 clauso,
1538 1943 1578 1975 de
1610 1942 1831 1985 subreptionis
1858 1943 1908 1975 vel

1175 1997 1376 2041 obreptionis
1403 2002 1456 2030 aut
1479 1995 1637 2029 nullitatis
1660 1995 1751 2036 vitio,
1778 2006 1834 2029 seu
1864 1996 1909 2028 in-

1176 2050 1328 2083 tentionis
1352 2054 1496 2088 nostrae,
1522 2053 1577 2080 aut
1604 2048 1764 2081 interesse
1789 2048 1910 2081 haben·

1174 2105 1252 2136 tium
1277 2112 1456 2136 consensus
1474 2128 1481 2142 ,
1508 2101 1637 2144 alioque
1663 2101 1908 2144 quomodolibet

1174 2163 1206 2190 et
1231 2155 1434 2200 quantumvis
1458 2165 1574 2197 magno
1593 2159 1624 2188 et
1640 2153 1853 2193 substantiali,
1871 2164 1908 2187 ac

1173 2209 1386 2251 inexcogitato
1429 2213 1460 2241 et
1494 2206 1760 2249 inexcogitabili,
1797 2206 1909 2239 indivi-

1174 2265 1334 2306 duamque
1369 2261 1608 2305 expressionem
1639 2259 1826 2303 requirente
1858 2260 1908 2292 de-

1174 2318 1255 2350 fectu
1281 2315 1408 2353 notari,
1434 2313 1634 2357 impugnari,
1660 2312 1849 2353 modificari,
1875 2312 1908 2345 li·

1173 2369 1300 2409 mitari,
1326 2367 1480 2409 infringi,
1506 2365 1693 2405 retractari,
1719 2365 1752 2398 in
1782 2365 1831 2398 ius
1855 2367 1906 2399 vel

1173 2421 1428 2456 controversiam
1453 2419 1580 2460 vocari,
1606 2423 1659 2451 aut
1687 2418 1726 2452 ad
1752 2419 1906 2451 terminos

1172 2477 1250 2509 iuris
1275 2475 1404 2514 reduci,
1437 2483 1493 2506 seu
1519 2473 1670 2505 adversus
1699 2471 1772 2505 illas
1805 2471 1907 2515 aperi-

1174 2529 1269 2562 tionis
1294 2528 1380 2567 oris,
1406 2525 1620 2559 restitutionis
1651 2525 1682 2557 in
1718 2524 1903 2567 integrum,

1173 2582 1299 2616 aliudve
1324 2580 1550 2625 quodcumque
1575 2577 1663 2620 iuris,
1681 2577 1766 2618 sacti,
1784 2576 1906 2620 gratiae

1914 196 1963 223 An.
1983 196 2013 224 C.
2030 196 2098 224 ¹600

1948 1103 2068 1126 transuta.
