2227 3225
114 260 164 288 ΛΠ.
181 259 210 288 C.
235 260 300 288 1693

307 308 482 351 dignitatis,
502 308 597 341 etiam
623 307 754 351 speciali
773 308 846 340 nota
865 307 991 348 (lienus,
1009 306 1040 338 in

306 363 409 394 causis
430 361 575 394 civilibus
599 362 772 394 ordinariis
803 361 925 393 ratione
951 371 1062 410 spor-y

307 416 444 447 tularum
462 426 518 447 seu
538 415 748 458 propinarum
767 414 887 457 aliquid
907 424 1042 456 prorsus

306 467 443 510 accipiat
458 468 552 500 etiam
578 479 595 500 a
612 463 726 510 sponte
751 467 827 500 dare
844 466 1040 499 volentibus.

305 519 338 552 In
365 520 595 553 rouunissariiS
621 526 730 553 autem
746 520 869 562 pariter
886 519 1040 559 civilibus,

305 573 359 605 ubi
382 574 421 606 de
441 576 564 606 summa
583 580 747 606 scutorum
767 573 880 615 viginti
898 573 1041 615 quinque
1062 602 1063 605 ,

306 625 422 667 agitur,
438 632 468 658 et
493 627 586 666 infra,
605 626 687 658 nibil
712 636 863 668 prorsus,
885 637 902 657 a
930 625 1042 667 rIginti

306 679 449 722 quinque
467 689 571 722 usque
589 679 628 711 ad
647 685 774 711 eentum
789 678 957 717 inclusive,
974 689 1043 711 seu-

306 737 336 763 ta
362 732 446 772 tria;
473 743 490 764 a
515 739 645 765 centum
666 743 767 775 usque
792 733 830 765 ad
857 732 1041 771 dueentun‘i,

304 791 394 817 seuta
418 796 471 818 sex
486 797 503 825 ;,
519 797 536 818 a
562 785 735 818 ducentum
760 795 862 828 usque
881 785 920 817 ad
938 795 1044 827 quam-

304 848 443 881 cumque
469 849 636 878 summam,
662 844 749 870 scuta
775 838 899 875 decem,
926 843 957 870 et
977 848 1043 870 non

304 891 399 923 ultra.
438 891 500 923 Pro
525 902 727 934 quacumque
752 890 913 924 sententia
938 890 1044 923 decla-

304 944 425 977 ratoria
448 944 488 976 ob
514 955 578 977 non
603 944 799 987 paritionem
825 943 988 976 n‘ionitorii
1011 944 1043 975 in

304 997 563 1037 contumaciam,
591 1008 655 1030 non
681 998 765 1030 ultra
800 997 896 1030 iulios
921 1002 1043 1040 septem

303 1061 376 1083 cum
403 1050 551 1083 dimidio.
591 1050 651 1084 Pro
688 1051 903 1083 declaratoria
924 1050 956 1082 iu
980 1050 1042 1082 vim

304 1104 494 1141 litterarum,
519 1108 572 1135 aut
596 1104 674 1136 alias
706 1103 847 1136 habente
878 1103 940 1136 rim
972 1103 1044 1136 deti-

304 1156 423 1188 nitirae
441 1183 448 1196 ‚
476 1155 501 1188 si
528 1167 654 1189 summa
679 1157 719 1189 sit
750 1162 857 1196 certa,
884 1157 1044 1199 accipiant

304 1209 391 1241 iuxta
418 1215 520 1241 taxam
539 1210 748 1252 praedictam,
768 1210 793 1242 si
812 1220 886 1242 vero
905 1209 1041 1249 ineerta,

303 1262 359 1295 sed
386 1268 500 1304 agatur
525 1263 564 1295 ad
594 1263 737 1305 ipsarum
766 1263 948 1295 litterarum
975 1273 1044 1295 exe-

304 1316 503 1358 quutionem,
517 1316 677 1358 accipiant
694 1316 780 1348 iuxta
798 1326 911 1349 causae
930 1321 962 1348 et
976 1327 1043 1359 per-

303 1380 401 1402 sonae
428 1369 626 1412 qualitatem,
654 1370 830 1402 dummodo
863 1380 929 1402 non
959 1371 1043 1402 ultra

303 1422 445 1465 quinque
471 1431 600 1455 aureos,
625 1422 686 1454 Pro
712 1433 917 1465 quacumque
943 1422 1044 1455 iuter-

302 1474 463 1507 locutoria
499 1474 564 1507 sire
590 1474 723 1507 decreto
749 1480 823 1507 ante
849 1475 1042 1507 sententiam

303 1527 514 1568 definitivam,
541 1527 624 1560 nihil
655 1527 800 1560 omnino.
834 1527 988 1560 Similiter
1013 1533 1045 1561 et

302 1591 363 1623 pro
385 1581 517 1613 decreto
542 1581 684 1613 mandati
717 1581 756 1614 de
790 1581 1044 1621 manutenendo,

303 1634 381 1667 item
407 1634 539 1667 decreto
567 1633 801 1666 moderationis
828 1633 1042 1674 inhibitionis,

304 1692 336 1720 ct
359 1688 458 1720 multo
483 1686 584 1729 magis
620 1697 678 1729 pro
715 1686 844 1719 decreto
874 1687 1045 1720 taxationis

305 1750 538 1783 expensarum,
566 1739 648 1772 nihil
686 1740 819 1772 omnino
856 1740 1042 1782 recipiatur.

305 1792 498 1835 Capitaneus
519 1798 628 1824 autem
654 1792 907 1835 appellationis*
930 1792 1043 1825 Curiae

306 1844 457 1887 Capitolii
476 1844 614 1888 recipiat
630 1846 793 1888 sportulas
813 1844 916 1878 {exist
934 1846 972 1877 ab
990 1845 1045 1878 [Tr-

306 1898 355 1930 bis
379 1898 517 1937 statutis,
544 1907 609 1930 non
637 1903 741 1930 tamen
772 1898 804 1929 in
830 1898 957 1930 casibus
984 1898 1043 1930 sibi

306 1952 368 1984 liae
392 1951 625 1984 constitutione
651 1950 841 1983 interdictis.
862 1952 900 1983 At
921 1951 1046 1994 praedi-

307 2010 375 2037 ctas
406 2004 577 2047 sportulas,
604 2003 667 2036 sive
693 2004 865 2046 propinas,
891 2009 924 2035 ut
948 2015 1046 2047 supra

307 2063 430 2090 taxatas
467 2057 647 2096 iudicibus,
673 2057 801 2089 nonnisi
828 2057 865 2089 de
896 2057 1045 2089 manibus

306 2110 426 2143 notarii
446 2115 612 2149 eausae‚et
627 2110 786 2142 sententia
805 2110 894 2152 prius
913 2110 950 2141 ab
970 2110 1046 2153 ipsis

307 2163 511 2206 subscripta,
538 2163 685 2205 accipere
711 2163 778 2195 ullo
815 2163 909 2195 niodo
932 2163 1044 2203 liceat3

308 2217 513 2259 debeantque
532 2221 707 2259 propterca
723 2215 841 2248 notarii
860 2216 978 2248 librum
996 2217 1047 2249 lia-

307 2270 396 2309 bere,
422 2269 453 2302 in
480 2279 544 2312 quo
571 2269 672 2302 dietas
698 2269 862 2312 sportulas
887 2279 945 2301 seu
970 2279 1047 2312 pro-

307 2324 402 2367 pinas
427 2328 550 2363 notent,
572 2333 644 2355 cum
669 2333 728 2366 pro
754 2322 914 2354 iudicibus
941 2322 1045 2365 depo-

309 2382 444 2417 nuntur·‚
470 2376 536 2415 ubi,
558 2386 629 2408 eum
662 2382 777 2420 postea
799 2378 862 2409 lata
888 2377 1048 2410 sententia

309 2428 410 2461 iudici
434 2429 680 2471 persolvuntur,
717 2429 785 2472 ipse
821 2429 916 2462 iudex
951 2440 1047 2462 manu

310 2481 442 2524 propria
471 2486 582 2514 notato
613 2481 761 2524 deposito
794 2482 978 2515 subscribat
1013 2493 1047 2515 se

347 2562 356 2587 1
381 2560 411 2586 In
430 2559 481 2586 loe.
502 2560 599 2595 parall.
621 2561 673 2595 leg.
695 2562 924 2596 appellationum
944 2562 1046 2595 (u.T.).

345 2606 360 2630 2
381 2604 418 2630 Ex
439 2604 489 2630 loc.
511 2606 605 2638 parati.
629 2605 687 2639 tege
708 2607 790 2633 insola
816 2608 917 2632 lamam
937 2606 963 2633 ei
981 2614 1048 2633 con-

310 2650 437 2677 stitutum
459 2656 495 2683 gr..
514 2656 561 2682 R„

896 257 1104 282 INNOCENTIUS
1128 257 1175 281 ΧΠ
1199 258 1248 281 ΡΡ.

1712 250 1776 284 579
1822 261 1873 286 An.
1889 260 1917 286 st.
1941 258 2009 286 1003

1083 305 1190 338 illum¹
1216 306 1399 349 recepisse;
1422 316 1503 349 quae
1525 307 1571 339 sie
1591 313 1625 339 ut
1648 318 1747 349 supra
1771 308 1818 339 iu-

1083 358 1145 391 dici
1171 359 1252 398 data,
1279 359 1433 401 deinceps
1458 359 1541 391 inter
1566 370 1722 401 expensas
1754 360 1819 392 litis

1084 412 1238 444 taxandus
1270 422 1306 444 ac
1331 411 1522 444 reficiendas
1554 411 1686 444 omnino
1719 422 1819 453 pona-

1085 470 1136 497 tur
1159 470 1190 497 et
1216 465 1326 497 iictori
1345 464 1517 503 reficiatur,
1538 475 1597 497 usu
1616 474 1819 507 quocumque

1083 519 1247 552 contrario
1275 529 1337 551 non
1364 519 1512 551 obstante
1532 531 1562 551 n.

1127 572 1142 613 ἓ
1166 573 1197 605 li.
1226 572 1395 605 Postremo
1422 572 1615 604 recolendae
1640 571 1819 603 memoriae
1845 582 2013 612 ‘rumai-..nmin-

1084 626 1291 660 lnnoeentius
1306 625 1391 668 Papa
1408 625 1457 664 xl,
1476 625 1569 657 etiam
1588 625 1822 667 praedeeessor
1832 609 2014 667 lssss’.‘.'.‘j.¹1'¹..'l.'.³¹'Jssssssi

1085 686 1204 719 noster,
1224 680 1255 711 in
1282 679 1348 711 suis
1375 688 1474 720 super
1499 678 1742 710 confirmatione
1769 663 2014 717 (10-23⁰¹''¹¹¹,',¹,¹,‚J‘¹‘,¹¹¹„

1085 738 1247 765 cretorum
1278 731 1548 773 Congregationis
1580 722 1857 762 resor11iaitenisa'.
1913 715 2015 760 5-51..‚!1¹.'-2lli

1086 785 1293 818 tribunalium
1313 784 1416 824 Urbis,
1430 794 1514 816 {inno
1539 783 1700 826 praefatae
1718 770 2016 815 lucar-§Ill-'lt'ihijil''‘''¹'⁵'

1086 838 1228 871 nationis
1244 848 1439 877 uncmxxrx,
1459 848 1489 870 iv
1504 837 1659 870 kalendas
1679 836 1757 876 iulii,
1773 847 1824 869 ex-

1085 892 1203 934 peditis
1223 891 1350 931 litteris,
1370 891 1455 922 inter
1475 891 1538 923 alia
1556 890 1720 923 decretum
1740 889 1826 922 eius-

1087 946 1158 978 dem
1173 943 1444 986 Congnfgationis
1463 943 1520 975 sub
1540 943 1629 976 titulo
1645 943 1683 975 de
1699 948 1826 985 sportu-

1086 999 1125 1030 lis
1140 998 1189 1030 vel
1208 997 1356 1040 propinis
1371 997 1575 1029 confirmavit
1589 1001 1621 1028 et
1635 995 1826 1028 inviolabili-

1087 1056 1135 1083 ter
1151 1050 1270 1083 servari
1295 1049 1469 1088 mandavit,
1487 1049 1576 1081 cuius
1594 1048 1716 1081 decreti
1733 1054 1826 1080 tenor

1085 1114 1226 1147 sequens
1248 1102 1326 1136 est²z
1361 1116 1373 1133 ιι
1392 1102 1485 1142 Cum,
1503 1102 1588 1134 iuter
1612 1106 1720 1134 cetera
1741 1112 1824 1144 quae

1087 1158 1306 1201 disponuntur
1330 1166 1388 1198 per
1408 1155 1673 1188 constitutionem
1697 1159 1824 1186 sanctae

1086 1210 1263 1242 memoriae
1296 1209 1385 1240 Pauli
1410 1208 1432 1239 V
1462 1217 1558 1251 super
1589 1206 1824 1239 reformatione

1087 1261 1309 1301 tribunalium,
1324 1261 1403 1293 illud
1418 1259 1608 1302 praesertim
1625 1259 1717 1291 enixe
1732 1269 1825 1301 prae-

1086 1315 1233 1359 cipiatur,
1247 1320 1282 1346 ut
1300 1314 1408 1346 nullus
1427 1313 1569 1345 iudicum
1584 1312 1825 1345 ordinariorum

1085 1368 1179 1401 Urbis
1204 1374 1235 1400 et
1260 1368 1422 1400 Romanae
1448 1366 1561 1399 Curiae
1590 1366 1824 1408 cuiuscumque

1087 1421 1270 1464 dignitatis,
1299 1420 1394 1453 etiam
1423 1419 1559 1463 speciali
1589 1422 1665 1452 uota
1696 1419 1825 1460 dignus,

1087 1475 1119 1508 in
1144 1474 1246 1508 causis
1275 1473 1422 1507 civilibus
1448 1473 1573 1506 ratione
1603 1472 1824 1515 sportularum

1086 1539 1142 1561 seu
1160 1528 1372 1572 propinarum
1393 1526 1514 1569 aliquid
1536 1536 1673 1569 prorsus
1691 1524 1827 1568 accipiat

1087 1581 1183 1614 etiam
1206 1592 1222 1613 a
1240 1586 1358 1624 sponte
1377 1580 1454 1613 darc
1473 1579 1668 1618 volentibus,
1691 1579 1723 1611 in
1741 1588 1824 1610 com-

1087 1634 1240 1667 missariis
1267 1639 1373 1666 autem
1392 1632 1514 1676 pariter
1538 1631 1695 1671 civilibus,
1714 1631 1769 1663 ubi
1787 1631 1825 1663 de

1087 1689 1213 1720 summa
1231 1692 1397 1719 scutorum
1418 1684 1680 1727 vigintiquinque
1706 1683 1825 1726 agitur,

1088 1746 1119 1774 et
1135 1741 1229 1780 infra,
1250 1739 1332 1771 nibil
1357 1748 1503 1781 prorsus;
1527 1748 1544 1769 a
1568 1737 1826 1779 vigintiquinque

1087 1802 1184 1835 supra
1208 1802 1308 1835 usque
1335 1792 1374 1823 ad
1400 1796 1529 1822 eentum
1547 1789 1712 1829 inclusive,
1739 1795 1828 1822 scuta

1089 1845 1162 1885 tria;
1181 1855 1198 1877 a
1216 1850 1345 1876 eentum
1359 1854 1459 1886 usque
1478 1843 1517 1875 ad
1536 1843 1720 1881 ducentum,
1735 1848 1828 1874 scuta

1088 1908 1162 1937 sex3
1181 1908 1198 1929 a
1212 1897 1384 1929 ducentum
1402 1907 1502 1939 usque
1522 1896 1560 1928 ad
1588 1906 1826 1938 quamcumque

1088 1960 1257 1989 summam,
1272 1956 1361 1983 scuta
1376 1950 1498 1989 decem,
1517 1955 1548 1982 et
1566 1959 1631 1982 non
1651 1950 1749 1982 ultra:
1771 1949 1828 1981 ali-

1089 2014 1171 2046 quae
1195 2014 1271 2036 rcro
1293 2003 1488 2044 litigantium
1506 2003 1659 2045 querelae
1677 2002 1715 2034 ad
1734 2012 1828 2034 aures

1088 2056 1286 2090 Sanctissimi
1322 2054 1532 2098 pervenerint
1567 2055 1720 2087 adversus
1745 2054 1829 2087 eius-

1089 2111 1161 2142 dem
1179 2109 1418 2142 constitutionis
1439 2108 1470 2140 in
1493 2109 1553 2141 liae
1570 2114 1662 2151 parte
1680 2108 1829 2141 inobser—

1088 2163 1247 2196 vantiam:
1275 2162 1410 2201 ideireo,
1437 2161 1476 2194 de
1501 2162 1569 2194 eius
1593 2162 1763 2202 mandato,
1793 2172 1827 2194 re

1089 2221 1212 2248 mature
1234 2225 1270 2247 ac
1295 2215 1419 2258 pluries
1444 2215 1642 2254 examinata,
1662 2215 1827 2247 decretum

1089 2274 1121 2301 et
1146 2269 1343 2301 declaratum
1369 2268 1444 2307 fuit,
1470 2268 1649 2311 praefatam
1674 2268 1828 2301 constitu-

1090 2322 1210 2356 tionem
1228 2321 1461 2364 prohibentem
1478 2323 1642 2364 sportulas
1667 2321 1828 2354 iudicibus

1089 2375 1272 2414 ordinariis,
1302 2373 1361 2406 ab³
1389 2374 1539 2406 omnibus
1567 2374 1741 2414 iudicibus,
1773 2374 1828 2417 qui

1090 2438 1154 2460 non
1186 2434 1257 2460 sunt
1288 2437 1363 2460 rere
1390 2426 1625 2467 commissarii,
1660 2427 1828 2459 observari

1090 2481 1210 2514 debere
1230 2481 1314 2513 iuxta
1338 2480 1614 2513 universalitatem
1640 2479 1767 2513 litterae
1791 2490 1829 2513 ac

1125 2562 1135 2588 1
1159 2562 1261 2588 Forsan
1282 2562 1362 2588 illam
1380 2563 1417 2593 (a.
1435 2561 1484 2590 TA.

1124 2605 1141 2632 2
1154 2605 1221 2631 Vide
1237 2610 1299 2631 tom.
1317 2613 1359 2631 xix
1376 2610 1485 2632 nostrae
1499 2605 1563 2632 edit.
1581 2614 1642 2640 pag.
1659 2605 1710 2633 934
1725 2612 1761 2639 (R.
1777 2605 1827 2640 T.).

1128 2650 1142 2676 3
1166 2650 1233 2676 [dit.
1255 2650 1329 2675 stain.
1348 2650 1412 2685 legit
1430 2651 1457 2676 in
1477 2659 1523 2685 pro
1539 2651 1574 2676 ab
1589 2657 1625 2683 (tt.
1639 2653 1685 2682 T.).
