2254 3225
242 242 290 268 Αιι.
312 241 340 268 C.
366 242 427 268 toni
476 234 539 266 22³5

435 291 580 324 ciusdem
605 291 636 324 S.
664 292 700 323 R.
723 290 757 323 E.
785 290 981 330 cardinales,
1007 289 1103 322 etiam
1127 289 1166 321 de

432 345 535 377 latere
563 345 696 386 legatos,
723 350 754 376 et
779 343 911 386 quosvis
936 342 1027 375 Sedis
1057 347 1086 374 et
1112 341 1167 374 Ca-

433 408 539 430 merae
575 397 811 440 praedictarum
836 396 990 428 officiales
1017 401 1047 427 et
1073 394 1166 426 mini-

431 455 524 488 stros,
543 455 575 482 et
595 451 673 483 alios
693 460 912 493 quoscumque
931 447 1042 491 quavis
1059 451 1166 479 aucto-

431 503 526 536 ritate
563 509 595 535 et
630 508 787 545 potestate
811 503 992 543 fungentes,
1023 509 1109 532 nunc
1133 504 1164 530 et

430 566 489 598 pro
515 561 656 599 tempore
683 556 874 594 existentes,
911 554 1037 585 sublata
1060 551 1106 583 eis
1133 555 1164 582 et

430 618 541 641 eorum
567 609 697 642 cuilibet
729 607 839 650 quavis
871 607 964 639 aliter
998 603 1160 636 iudicandi

429 666 462 693 et
485 662 717 704 interpretandi
745 662 892 693 facultate
911 663 941 690 et
961 656 1160 693 auctoritate,

428 713 563 747 iudicari
598 721 629 747 et
653 713 779 747 definiri
805 712 942 751 debere,
970 721 1006 741 ac
1031 709 1158 741 irritum

429 771 461 799 et
481 766 589 806 inane,
610 767 634 799 si
652 777 743 799 secus
765 775 863 808 super
884 763 935 796 his
953 774 970 795 a
987 772 1157 805 quoquam,

427 819 539 861 quavis
576 819 790 857 auctoritate,
817 817 957 849 scienter
992 815 1042 847 vel
1067 814 1158 856 igno-

427 878 551 911 ranter,
576 871 747 913 contigerit
773 869 934 903 attentari.

470 925 484 968 ἓ
509 925 561 957 Ἰὲἳ.
589 925 743 962 Quocirca
779 922 905 955 dilectis
936 920 1010 952 siliis
1044 924 1156 952 nostro

426 987 461 1009 ac
486 977 516 1009 S.
545 977 581 1009 R.
604 977 638 1008 E.
669 975 856 1018 praedictae
882 972 1073 1011 camerario,
1100 982 1157 1004 seu

424 1030 684 1072 procamerario,
721 1037 846 1060 necnon
885 1024 1154 1063 vicecamerario,

426 1082 639 1120 thesaurario,
666 1091 700 1113 ac
725 1079 848 1113 clericis
882 1078 1154 1121 praesidentibus,

424 1134 640 1166 commissario
661 1139 692 1165 et
715 1132 784 1165 aliis
802 1132 954 1164 Gamerae
972 1130 1156 1173 praedictae

423 1186 621 1224 officialibus,
657 1185 695 1218 ad
722 1195 803 1227 quos
829 1188 962 1227 spectat,
997 1182 1157 1225 praeeipi-

423 1249 492 1271 mus
529 1244 560 1271 et
594 1238 793 1276 mandamus,
820 1243 854 1268 ut
889 1242 1073 1279 prasentem
1099 1246 1156 1268 no-

423 1297 521 1324 stram
548 1290 814 1324 constitutionem
840 1289 923 1322 etin
948 1290 985 1321 ea
1005 1293 1156 1321 contenta

422 1354 642 1387 quaecumque
667 1344 699 1375 in
725 1342 876 1375 omnibus
896 1347 927 1374 et
947 1341 1083 1383 singulis
1105 1339 1156 1372 fir-

423 1398 517 1430 miter
541 1403 572 1429 et
596 1396 827 1429 inviolabiliter
858 1394 1031 1428 observent
1056 1398 1089 1426 et
1112 1393 1156 1425 sa-

423 1451 508 1482 ciant
531 1451 570 1482 ab
595 1449 666 1482 aliis
690 1447 868 1482 observari.

465 1503 480 1545 ἓ
504 1502 556 1535 13.
583 1502 651 1534 Non
678 1501 881 1534 obstantibus
898 1499 1155 1542 supradictarum

422 1554 527 1586 litium
562 1554 750 1597 pendentia,
777 1553 915 1595 aliisque
941 1551 1092 1584 omnibus
1125 1556 1156 1584 et

422 1608 556 1649 singulis
591 1606 784 1650 praemissis,
824 1615 953 1637 necnon
989 1606 1100 1636 nostra
1125 1609 1156 1636 et

421 1659 638 1693 Cancellariae
664 1657 868 1701 Apostolicae
894 1657 1008 1699 regula
1029 1656 1067 1688 de
1088 1656 1156 1688 iure

422 1713 569 1755 quaesito
584 1723 648 1745 non
665 1711 819 1749 tollendo,
835 1721 880 1748 ac,
900 1714 1058 1752 quatenus
1074 1719 1155 1750 opus

423 1766 470 1804 sit,
497 1765 650 1808 praedicti
675 1764 720 1796 Pii
746 1762 1010 1806 praedecessoris
1031 1762 1069 1794 de
1088 1772 1158 1803 gra-

261 934 366 960 l'raecipit
380 935 415 955 eb-

233 964 319 981 Servari.

274 1517 291 1528 ιιι
311 1516 412 1530 uariorum

424 1817 497 1857 tiis,
524 1819 758 1860 qualecumque
783 1816 939 1848 interesse
975 1814 1078 1846 dictae
1102 1814 1179 1858 (33-λ

423 1880 530 1902 merae
545 1868 826 1908 concernentibus,
844 1867 876 1899 in
892 1867 1004 1899 eadem
1026 1865 1158 1898 Camera

422 1921 671 1965 praesentandis
689 1926 720 1954 et
734 1920 957 1962 registrandis,
977 1919 1055 1951 itaut
1072 1929 1158 1961 prae-

423 1982 530 2008 sentes
556 1975 588 2007 in
613 1977 650 2007 ea
675 1973 877 2017 praesentari
912 1977 967 2004 aut
992 1971 1157 2014 registrari

423 2038 588 2071 nunquam
623 2037 756 2060 necesse
792 2025 842 2065 sit,
870 2025 1005 2067 aliisque
1030 2029 1158 2067 aposto-

424 2081 516 2120 licis,
548 2091 584 2113 ac
614 2080 646 2112 in
679 2077 918 2111 universalibus
950 2076 1159 2119 provinciali-

424 2133 546 2175 busque
571 2131 715 2165 conciliis
739 2131 855 2169 editis,
879 2129 1083 2172 generalibus
1109 2130 1158 2161 rel

424 2185 631 2227 specialibus,
655 2182 941 2217 constitutionibus
971 2186 1004 2213 et
1029 2181 1159 2213 ordina-

426 2238 579 2278 tionibus,
605 2247 732 2269 necnon
757 2235 938 2278 quibusvis,
958 2234 1052 2267 etiam
1077 2233 1160 2266 iura-

425 2296 555 2330 mento,
592 2288 835 2322 confirmatione
875 2286 1071 2330 apostolica,
1109 2287 1159 2319 vel

427 2344 536 2386 quavis
573 2343 723 2375 firmitate
747 2342 809 2374 alia
839 2340 1008 2379 roboratis,
1033 2339 1160 2371 statutis

427 2400 459 2427 et
483 2394 773 2428 consuetudinibus
790 2420 797 2433 ‚
825 2392 922 2425 etiam
958 2392 1161 2424 immemora-

427 2448 557 2486 bilibus,
575 2447 749 2490 privilegiis
768 2455 906 2488 quoque,
925 2444 1071 2483 indultis,
1091 2454 1161 2476 cou-

428 2499 649 2538 cessionibus,
676 2497 950 2536 immunitatibus,
983 2495 1160 2537 exemptio-

428 2551 543 2589 nibus,
576 2549 822 2592 chirographis,
855 2547 979 2581 cedulis
1015 2551 1159 2580 motuum

429 2612 662 2645 propriorum,
701 2612 736 2634 ac
761 2600 831 2634 aliis
858 2598 1028 2643 scripturis
1054 2603 1084 2632 et
1110 2598 1161 2631 lit-

1010 242 1187 266 BULLARIUM
1212 242 1317 264 [tonas
1324 241 1365 264 [ΞΜ

1209 288 1285 320 teris
1303 287 1400 320 etiam
1419 285 1603 329 apostolicis
1624 284 1806 329 praedictis,
1824 289 1855 317 et
1872 283 1942 326 qui-

1207 340 1316 373 busvis
1340 339 1420 379 aliis,
1441 339 1546 379 etiam,
1571 344 1605 371 ut
1625 337 1816 381 praefertur,
1841 336 1942 379 quali-

1206 392 1316 432 ficatis,
1340 404 1377 425 ac
1401 392 1532 435 speciali
1559 394 1635 424 nota
1652 396 1684 423 et
1703 389 1867 423 mentione
1893 389 1941 421 di-

1206 445 1292 486 gnis,
1323 444 1448 477 etiamsi
1480 444 1670 477 nominatim
1700 448 1807 476 essent
1831 452 1939 485 expri-

1205 495 1340 536 menda',
1355 497 1414 529 sub
1429 497 1684 538 quibuscumque
1704 496 1874 528 verborum
1893 499 1939 527 te-

1203 549 1337 582 noribus
1373 555 1405 582 et
1429 549 1560 588 formis,
1593 559 1628 580 ac
1666 558 1737 580 cum
1769 547 1936 590 quibusvis

1203 602 1300 634 etiam
1318 600 1594 644 derogatoriarum
1613 599 1841 642 derogatoriis,
1855 599 1938 632 aliis-

1202 665 1263 697 que
1288 653 1524 687 efficaeioribus
1548 658 1580 685 et
1610 651 1749 684 insolitis
1774 651 1935 691 clausulis,

1200 718 1234 740 ac
1271 707 1470 740 irritantibus
1497 711 1528 739 et
1553 705 1623 739 aliis
1648 704 1789 738 decretis
1805 731 1812 744 ,
1839 704 1936 737 etiam

1199 759 1505 802 inexcogitabilibus
1541 764 1573 791 et
1611 757 1796 790 necessario
1830 758 1937 800 expri-

1199 813 1344 854 mendis,
1384 813 1480 845 etiam
1518 816 1701 845 contractus
1736 809 1832 842 iurati
1862 820 1935 842 cum

1197 865 1330 898 Camere
1355 866 1465 898 nostra
1489 864 1668 907 apostolica
1692 863 1764 895 initi
1782 868 1813 895 et
1830 873 1936 894 carne-

1198 919 1257 950 rali
1296 917 1495 960 obligatione
1532 916 1649 955 vallati,
1676 921 1708 949 et
1731 914 1844 958 quovis
1869 915 1933 948 alio

1198 971 1315 1003 robore
1351 975 1382 1003 et
1412 970 1539 1003 cautela
1574 968 1727 1008 firmatis,
1755 968 1851 1001 editis
1876 978 1934 1000 seu

1199 1023 1298 1063 sactis,
1323 1033 1360 1055 ac
1383 1023 1462 1055 alias
1489 1021 1734 1064 quomodolibet
1757 1020 1790 1052 in
1807 1026 1934 1053 contra-

1198 1077 1281 1108 rium
1315 1075 1569 1118 praemissorum
1605 1073 1782 1113 concessis,
1819 1073 1935 1106 contir-

1198 1129 1289 1161 matis
1308 1135 1339 1160 et
1358 1128 1481 1171 pluries
1497 1126 1678 1166 innovatis,
1699 1126 1816 1169 quibus
1836 1125 1935 1158 omni-

1197 1182 1256 1214 bus
1281 1187 1313 1214 et
1337 1181 1483 1223 singulis,
1509 1179 1636 1212 etiamsi
1660 1179 1693 1211 in
1719 1179 1764 1212 eis
1783 1184 1934 1212 caveatur

1197 1244 1349 1277 expresse
1374 1233 1462 1276 quod
1486 1233 1578 1265 nullo
1610 1242 1753 1274 unquam
1786 1236 1933 1274 tempore

1197 1287 1257 1319 sub
1277 1286 1430 1320 similium
1455 1285 1504 1318 vel
1525 1284 1731 1318 dissimilium
1757 1283 1934 1326 exemptio-

1197 1350 1274 1372 num
1309 1344 1341 1372 et
1364 1337 1603 1371 immunitatum
1641 1337 1902 1369 revocationibus
1922 1364 1931 1377 ,

1196 1390 1470 1434 abrogationibus,
1488 1395 1541 1423 aut
1557 1389 1628 1422 aliis
1643 1389 1842 1432 quibuslibet
1856 1399 1933 1421 con-

1197 1445 1304 1477 trariis
1329 1442 1600 1486 dispositionibus
1633 1446 1666 1474 et
1695 1441 1934 1474 constitutioni-

1196 1498 1256 1530 bus
1280 1507 1338 1540 pro
1369 1502 1516 1538 tempore
1550 1494 1685 1527 edendis
1717 1495 1933 1537 comprehen-

1197 1551 1326 1590 dantur,
1352 1548 1409 1581 sed
1434 1557 1562 1590 semper
1587 1547 1626 1579 ab
1651 1547 1714 1580 illis
1738 1553 1882 1590 excepta,
1902 1552 1934 1580 et

1197 1602 1322 1644 quoties
1347 1600 1422 1633 illae
1458 1599 1663 1638 emanabant,
1689 1598 1783 1631 toties
1808 1599 1840 1631 in
1866 1599 1934 1642 pri-

1197 1654 1332 1693 stinum,
1369 1661 1507 1694 eumque
1543 1650 1775 1683 validissimum
1815 1657 1932 1684 statum

1197 1706 1355 1745 restituta,
1394 1704 1539 1747 reposita
1575 1708 1607 1735 et
1643 1703 1856 1746 reintegrata,
1895 1715 1933 1737 ac

1198 1760 1292 1792 etiam
1317 1760 1375 1792 sub
1399 1756 1573 1801 posteriori
1600 1756 1671 1789 data
1695 1767 1753 1799 per
1770 1768 1934 1800 quascum-

1199 1823 1259 1856 que
1285 1821 1441 1855 personas
1455 1809 1605 1851 eligenda
1622 1809 1660 1841 de
1678 1819 1761 1842 novo
1782 1820 1934 1842 concessa

1198 1866 1262 1898 sint
1294 1870 1324 1897 et
1364 1873 1437 1896 esse
1462 1866 1675 1902 censeantur,
1701 1871 1828 1894 necnon
1859 1872 1932 1905 pro,

1199 1915 1371 1950 sufficienti
1396 1925 1508 1948 eorum
1541 1914 1753 1956 derogatione
1770 1940 1777 1953 ‚
1804 1914 1843 1946 de
1868 1914 1933 1947 illis

1199 1980 1377 2012 eorumque
1403 1968 1479 2001 totis
1505 1967 1669 2000 tenoribus
1687 1966 1847 2009 specialis,
1867 1977 1936 2010 spe-

1200 2022 1299 2061 cifica,
1318 2020 1483 2053 individua
1508 2024 1539 2052 et
1553 2029 1761 2061 expressa,ac
1779 2019 1818 2051 de
1835 2020 1934 2051 verbo

1200 2075 1239 2108 ad
1264 2073 1408 2112 verbum,
1448 2081 1514 2104 non
1550 2076 1656 2103 autem
1686 2081 1744 2113 per
1776 2071 1933 2104 clausulas

1201 2127 1368 2169 generales
1393 2124 1479 2157 idem
1496 2123 1719 2166 importantes,
1739 2123 1861 2156 mentio
1878 2133 1935 2156 seu

1201 2179 1332 2223 quaevis
1356 2178 1420 2210 alia
1444 2176 1610 2220 expressio
1631 2176 1785 2216 facienda,
1803 2182 1857 2208 aut
1874 2177 1937 2209 alia

1201 2230 1357 2275 exquisita
1381 2230 1483 2262 forma
1506 2229 1546 2261 ad
1570 2229 1632 2261 hoc
1657 2229 1815 2261 servanda
1840 2229 1934 2269 foret,

1202 2286 1330 2318 illorum
1355 2282 1501 2316 omnium
1526 2286 1557 2314 et
1572 2281 1776 2323 singulorum
1793 2287 1935 2322 tenores,

1202 2337 1319 2370 formas
1345 2341 1376 2368 et
1399 2334 1588 2368 occasiones
1620 2334 1846 2377 praesentibus
1875 2345 1936 2378 pro

1201 2390 1296 2432 plene
1322 2393 1355 2421 et
1379 2386 1578 2420 sufficienter
1599 2387 1779 2429 expressis,
1806 2387 1936 2420 insertis

1202 2453 1237 2474 ae
1253 2440 1384 2474 servatis
1400 2439 1578 2482 respective
1599 2439 1766 2479 habentes,
1781 2439 1845 2472 illis
1860 2440 1939 2473 alias

1202 2494 1235 2526 in
1252 2504 1308 2526 suo
1326 2494 1445 2525 robore
1470 2490 1701 2535 permansuris,
1720 2491 1759 2524 ad
1783 2492 1924 2535 praemis

1203 2556 1314 2579 sorum
1331 2544 1492 2585 effectum,
1518 2544 1701 2588 specialiter
1725 2549 1757 2577 et
1784 2556 1916 2589 express

1241 2608 1252 2633 1
1274 2605 1344 2633 Edit.
1366 2605 1444 2633 Main.
1467 2604 1531 2641 legit
1550 2605 1736 2641 exprimendi
1756 2606 1794 2641 (n.
1811 2606 1860 2638 Τ.).

1946 238 1993 263 An.
2015 236 2044 262 C.
2069 235 2130 262 1091
