2227 3225
87 244 136 270 An.
155 243 183 270 C.
207 242 267 269 tuot

125 1624 174 1645 uina
184 1623 286 1644 nativitas

103 1654 124 1673 et
138 1654 236 1678 pucritia.

860 240 1067 265 INNoOENTlt'S
1093 240 1133 262 x11
1158 241 1205 263 ΙΨ.

280 291 510 324 illuminandas
545 291 775 324 obtenebratas
810 296 1014 333 peccatorum

282 348 409 376 mentes
441 354 563 387 eosque
581 344 780 377 revocandos
801 343 840 376 ad
866 343 947 375 viam
968 353 1017 374 sa-

282 396 357 429 lutis
387 401 419 429 et
446 397 552 440 pacis,
582 396 710 429 loannis
741 396 780 428 de
804 395 835 428 S.
863 395 1016 428 Facundo

283 450 459 493 nuncupati
494 450 642 493 spiritum
677 448 861 488 suscitarit,
896 448 950 490 qui
987 447 1018 479 in

284 508 431 546 tempore
455 503 644 536 iracundiae
662 503 764 535 sactus
784 500 1016 539 reconciliatio,

284 567 321 589 ac
346 558 525 590 aemulatus
559 556 755 589 charismata
780 555 935 593 meliora,
962 565 1019 587 ore

286 609 382 643 simul
419 615 450 643 et
486 621 587 653 opere
622 610 755 642 doceret
791 611 910 651 quanta
945 617 1022 649 erga

286 661 386 695 Deum
401 668 563 696 aestuaret
579 662 750 701 charitate,
771 664 888 704 quanta
902 661 934 693 in
952 670 1024 704 pro-

287 715 407 747 ximum
434 715 616 754 dilectione,
638 720 825 758 quantoque
852 720 964 747 contra
981 713 1023 745 vi-

289 769 332 801 tia
356 774 388 801 et
413 769 545 802 dissidia
577 769 759 801 afficeretur
792 768 887 808 odio,
922 768 1023 800 sactus

287 827 400 854 contra
419 832 456 854 ea
476 822 676 855 declamator
695 821 884 854 acerrimus:
904 820 1023 853 iustum

288 874 428 917 proinde
460 874 546 910 idem
579 874 761 908 Alexander
792 874 1025 917 praedecessor

289 932 386 967 ratus,
412 932 448 959 ut
472 927 622 959 eximium
655 927 741 959 hunc
763 927 867 960 virum
894 926 1026 959 virtuti-

289 978 349 1012 bus
374 984 405 1012 et
429 979 591 1012 miraculis
616 981 834 1023 praeclarum,
861 990 956 1022 quem
974 989 1027 1011 co-

291 1034 372 1065 rona
397 1035 548 1075 expressa
566 1033 660 1075 signo
677 1033 854 1065 sanctitatis
872 1033 1026 1065 Dominus

291 1085 503 1119 redimiverat
529 1086 560 1118 in
585 1085 698 1125 caelis,
717 1091 903 1118 sanctorum
930 1087 1025 1118 etiam

292 1139 402 1172 laurea
426 1144 599 1172 coronaret
616 1139 648 1171 in
674 1139 779 1178 terris,
799 1139 890 1182 operi
910 1139 1026 1171 iamdiu

293 1197 507 1236 pertractatae
528 1191 782 1224 canonizationis
806 1192 950 1224 ultiman]
966 1203 1030 1224 ma-

294 1255 372 1278 num
397 1245 548 1286 admovit,
571 1246 705 1278 serratis
730 1251 834 1278 tamen
853 1245 1029 1284 servandis,

296 1303 327 1331 et
342 1298 482 1341 praeviis
496 1299 647 1341 legitimis
660 1299 879 1341 processibus,
893 1309 1028 1341 quorum

295 1360 468 1389 suminam,
482 1351 567 1383 iuxta
580 1350 749 1383 memorati
768 1351 1031 1393 praedecessoris

293 1403 623 1447 praeordinationem,
643 1404 681 1436 ad
700 1409 890 1446 perpetuam
906 1403 950 1435 rei
967 1414 1031 1436 me-

294 1456 430 1489 moriam
448 1461 479 1488 et
493 1456 752 1488 christifidelium
762 1456 1030 1495 aedificationem,

296 1509 385 1541 hisce
410 1508 598 1551 apostolicis
619 1509 735 1541 litteris
757 1509 905 1542 duximus
924 1519 1033 1542 recen-

297 1562 430 1594 sendam
453 1567 488 1594 ut
512 1561 666 1604 sequitur.

341 1614 356 1656 ξ
381 1613 412 1646 02.
439 1614 473 1646 In
501 1614 622 1657 oppido
658 1613 690 1647 S.
724 1614 892 1654 Facundi,
924 1616 1032 1657 vulga-

296 1666 375 1700 riter
399 1667 552 1709 Saliagun
577 1667 766 1710 nuncupati,
793 1670 896 1710 eaque
922 1669 1033 1712 Hispa-

296 1720 369 1752 niae
383 1728 474 1763 parte
492 1730 573 1762 quae
596 1720 699 1762 vergit
714 1720 752 1752 ad
765 1721 1030 1763 septentrionem,

296 1783 400 1815 prope
426 1773 600 1805 dioecesim
619 1773 864 1814 Legionensem,
879 1779 951 1816 post
969 1774 1034 1807 diu-

298 1831 425 1857 turnam
441 1825 549 1857 matris
565 1825 776 1864 sterilitatem,
792 1826 852 1868 piis
864 1832 1033 1868 parentum

298 1878 450 1922 precibus
483 1878 673 1920 impetratus
702 1878 837 1911 Ioannes
870 1879 952 1912 circa
978 1890 1034 1912 an-

298 1942 374 1964 num
393 1938 560 1974 reparatae
585 1932 695 1963 salutis
715 1942 839 1964 mccxxx
859 1939 950 1965 natus
970 1938 1029 1965 est.

298 1984 338 2017 Ut
361 1995 435 2017 vero
461 1985 594 2017 sortitus
624 1991 693 2017 erat
724 1985 861 2017 animani
886 1985 1030 2026 bonam,

297 2037 351 2081 pie
369 2048 386 2070 a
403 2037 592 2080 parentibus
603 2038 764 2077 educatus,
783 2038 889 2080 coepit
905 2039 944 2070 ab
961 2038 1033 2081 ipsa

298 2090 434 2133 pueritia
460 2100 523 2122 non
548 2090 683 2122 obscura
707 2091 782 2122 dare
808 2091 934 2124 suturae
960 2102 1032 2124 san-

297 2143 415 2175 ctitatis
447 2143 577 2176 indicia.
600 2143 792 2176 Praeventus
822 2144 906 2177 enim
931 2155 948 2176 a
972 2146 1033 2179 Do-

298 2195 386 2228 mino
418 2196 450 2228 in
483 2196 765 2229 benedictionibus
791 2197 981 2237 dulcedinis,
1001 2205 1032 2232 et

298 2248 374 2281 inde
399 2249 536 2291 puerilia
552 2255 728 2292 pertaesus,
749 2261 784 2282 ac
799 2251 836 2283 dc
858 2261 934 2293 pace
956 2263 1032 2284 con-

299 2301 533 2344 discipulorum
549 2303 720 2342 sollicitus,
740 2314 821 2345 quae
842 2304 880 2336 ad
898 2315 1033 2338 concor-

300 2353 396 2393 diam,
414 2354 515 2387 bonos
531 2364 647 2394 mores,
661 2355 822 2398 pietatem,
845 2363 1032 2400 ceterasque

299 2406 430 2439 virtutes
462 2408 692 2447 conserebant,
720 2409 782 2441 illis
808 2411 1033 2452 proponebat,

301 2459 434 2502 eiusque
460 2461 529 2492 zelo
554 2471 741 2499 succensus,
763 2462 817 2504 qui
844 2463 971 2504 linguas
992 2463 1035 2495 in-

302 2511 435 2544 fantium
460 2513 535 2545 facit
552 2523 621 2546 esse
641 2513 787 2553 disertas,
808 2514 860 2546 ubi
878 2515 925 2546 vel
945 2516 1034 2548 locus

301 2564 351 2596 vel
376 2574 487 2597 saxum
512 2565 700 2608 prominens
726 2567 928 2606 occurrebat,
955 2568 1036 2601 mira

302 2625 399 2660 supra
431 2624 568 2651 aetatem
600 2620 748 2653 facundia
773 2620 1034 2663 concionabatur,

1059 288 1225 321 innocenti
1239 288 1454 332 praesignans
1480 289 1638 332 tyrocinio
1657 296 1795 332 quantus

1061 351 1220 384 quamque
1242 341 1401 384 proficuus
1422 352 1537 385 praeco
1555 343 1728 376 altissimae
1749 353 1795 376 ve·

1061 395 1164 427 ritatis
1190 400 1276 428 esset
1300 395 1435 428 futurus.

1106 449 1120 490 ξ
1145 448 1177 481 .3.
1204 449 1306 481 AEtate
1326 454 1357 481 et
1380 449 1498 482 virtute
1517 449 1718 489 adolescens,
1737 449 1797 482 liu-
1828 461 1982 482 Adolescentia.

1062 501 1400 541 manioribuslitteris,
1416 502 1647 545 philosophiae
1659 508 1690 535 et
1708 503 1799 536 theo-

1064 555 1179 596 logiae,
1205 556 1374 598 multoque
1400 556 1503 598 magis
1528 557 1640 598 pietati
1666 567 1798 600 operam

1065 607 1154 640 dedit
1186 608 1271 650 apud
1308 609 1485 642 monachos
1517 609 1564 642 Ss.
1597 609 1736 643 Facundi
1770 615 1801 643 et

1065 661 1234 693 Primitivi.
1254 661 1385 694 Interim
1403 673 1477 695 vero
1495 662 1662 696 ordinatus
1687 663 1720 696 in
1738 664 1802 696 cle-

1066 714 1167 746 ricum
1183 741 1190 755 ,
1215 713 1400 755 beneficio,
1429 715 1479 748 cui
1516 726 1593 748 cura
1620 717 1801 750 animarum

1067 767 1267 807 imminebat,
1284 778 1342 810 per
1358 768 1521 809 vicarium,
1542 770 1647 802 donec
1660 770 1699 803 ad
1717 780 1804 813 pres—

1067 821 1244 863 byteratum
1260 828 1514 864 promoveretur,
1532 824 1691 866 regendo,
1712 829 1803 866 patre

1068 873 1235 906 adnitente
1261 875 1486 917 praeponitur.
1515 876 1553 908 At
1582 877 1804 918 evangelicum

1069 925 1294 959 documentum
1319 927 1395 959 boni
1421 928 1556 969 pastoris
1577 930 1805 971 cognoscentis

1069 988 1144 1011 oves
1171 989 1242 1011 suas
1269 983 1301 1011 et
1329 980 1368 1011 ab
1405 979 1468 1012 illis
1499 981 1621 1022 cogniti
1657 982 1806 1015 reformi-

1070 1030 1161 1069 dans,
1186 1036 1282 1073 atque
1303 1031 1377 1064 inde
1403 1032 1515 1065 anxius
1541 1039 1607 1065 tum
1633 1034 1671 1066 de
1692 1034 1805 1067 ovibus

1071 1094 1135 1115 non
1161 1083 1299 1129 pastoris
1326 1084 1381 1117 sed
1409 1086 1603 1118 mercenarii
1629 1087 1806 1128 custodiae,

1072 1137 1215 1178 quamvis
1241 1137 1478 1180 temporaliter,
1507 1139 1650 1178 creditis,
1675 1144 1742 1172 turn
1769 1141 1807 1173 de

1073 1189 1228 1222 fructibus
1244 1200 1307 1222 non
1327 1201 1403 1223 suae
1433 1191 1491 1223 sed
1512 1191 1723 1234 interpositae
1740 1202 1810 1235 per-

1073 1252 1171 1274 sonae
1196 1242 1307 1275 labore
1332 1243 1447 1285 partis,
1466 1243 1622 1276 illibatam
1644 1245 1810 1278 conscien-

1074 1295 1158 1333 tiam,
1174 1295 1264 1327 cuius
1283 1295 1419 1328 stimulis
1435 1296 1622 1338 angebatur,
1640 1307 1705 1330 non
1718 1298 1810 1341 prius

1074 1358 1168 1389 quam
1188 1348 1302 1379 eodem
1321 1348 1479 1381 beneficio
1499 1349 1633 1382 dimisso
1651 1350 1809 1393 pristinae

1075 1400 1298 1442 tranquillitati
1325 1401 1476 1433 restituit.

1118 1452 1132 1495 ξ
1155 1452 1186 1485 4.
1214 1452 1353 1486 Emenso
1378 1454 1561 1487 studiorum
1588 1456 1749 1489 curriculo
1764 1457 1810 1489 in·
1859 1466 1919 1486 rtura
1943 1473 2003 1487 amu-

1075 1511 1124 1538 ter
1148 1506 1295 1549 episcopi
1317 1507 1490 1549 Burgensis
1512 1508 1688 1542 familiares
1713 1495 2005 1546 adsci-1’55'23?g³‘''}⁴.'.22‘;32

1820 1552 1883 1572 mum,

1076 1564 1133 1599 tus,
1160 1561 1197 1592 ea
1221 1559 1337 1592 enituit
1360 1571 1486 1593 morum
1513 1561 1692 1602 honestate,
1719 1574 1813 1605 prae-

1075 1613 1224 1655 claraque
1250 1612 1370 1645 indolis
1393 1614 1511 1656 specie,
1537 1621 1573 1647 ut
1596 1616 1680 1658 apud
1706 1616 1811 1659 ipsum

1076 1664 1223 1697 intimam
1256 1670 1367 1698 nactus
1398 1666 1659 1700 benevolentiam
1686 1675 1717 1701 et
1742 1679 1814 1712 gra-

1077 1717 1118 1749 tia
1144 1718 1262 1756 valens,
1282 1727 1340 1760 pro
1358 1718 1522 1759 omnibus,
1543 1721 1735 1762 praesertim
1754 1731 1813 1764 pro

1077 1770 1274 1813 pauperibus
1307 1770 1345 1803 ad
1379 1781 1470 1803 suum
1502 1777 1669 1814 pastorem
1700 1779 1814 1806 contu-

1077 1823 1259 1865 gientibus,
1290 1834 1355 1856 non
1380 1824 1503 1857 inutilis
1528 1825 1724 1859 intercessor
1748 1827 1815 1859 exi-

1076 1882 1186 1908 steret.
1205 1876 1307 1908 Sacris
1321 1876 1495 1919 insignitus
1514 1877 1694 1918 ordinibus,
1714 1890 1729 1911 a
1748 1890 1815 1912 me-

1077 1935 1198 1962 morato
1231 1929 1386 1972 episcopo
1419 1930 1527 1972 amplo
1554 1931 1709 1964 ecclesiae
1736 1932 1815 1964 Bur-

1076 1983 1185 2025 gensis
1211 1982 1404 2015 canonicatu
1431 1982 1576 2023 donatus,
1604 1990 1677 2026 post
1703 1995 1814 2018 aurum

1075 2046 1142 2068 non
1168 2035 1267 2075 abiit,
1296 2046 1357 2068 nec
1389 2035 1529 2078 sperarit
1561 2036 1597 2069 in
1622 2037 1761 2079 pecunia
1786 2044 1817 2071 et

1155 2088 1249 2127 ⁴iris,
1276 2087 1331 2120 sed
1357 2098 1488 2121 manum
1513 2099 1603 2121 suam
1626 2089 1715 2133 inopi
1740 2090 1805 2122 libe

1076 2142 1188 2174 raliter
1221 2141 1370 2183 aperiens
1404 2147 1436 2173 et
1460 2142 1581 2184 palmas
1605 2153 1678 2175 suas
1706 2149 1800 2176 exten

1075 2196 1153 2228 dens
1179 2194 1217 2226 ad
1244 2204 1432 2236 pauperem,
1456 2196 1503 2226 uti
1521 2194 1627 2227 fidelis
1652 2196 1819 2240 dispensa-

1075 2254 1166 2281 toret
1187 2248 1330 2290 prudens
1357 2248 1476 2280 uberes
1504 2248 1581 2280 dicti
1603 2250 1817 2284 canonicatus

1075 2309 1105 2335 et
1130 2302 1268 2334 alioruin
1293 2301 1526 2334 beneficiorum
1551 2302 1673 2335 fructus
1688 2304 1813 2347 disper·

1076 2356 1127 2394 sit,
1147 2355 1235 2388 dedit
1248 2354 1455 2397 pauperibus,
1474 2361 1508 2387 ut
1525 2355 1644 2388 iustitia
1662 2356 1732 2389 eius
1747 2368 1815 2390 ma-

1077 2414 1170 2441 neret
1196 2409 1227 2440 in
1255 2409 1420 2440 saeculum
1446 2408 1580 2441 saeculi.

1122 2463 1136 2504 g
1162 2460 1192 2493 5.
1218 2461 1281 2494 Nec
1309 2467 1414 2493 tamen
1448 2461 1500 2494 hic
1531 2462 1674 2495 substitit
1699 2463 1819 2497 ardens

1079 2515 1149 2547 eius
1174 2515 1239 2547 Deo
1266 2514 1417 2557 placendi
1448 2521 1479 2547 et
1507 2514 1668 2548 serviendi
1691 2516 1817 2549 deside-

1078 2567 1184 2607 rium‘,
1212 2568 1289 2606 sed,
1316 2573 1351 2599 nt
1372 2567 1539 2611 proprium
1565 2568 1743 2600 electorum
1769 2573 1818 2600 est

1055 2650 1057 2656 ,
1081 2621 1126 2654 ire
1153 2620 1191 2654 dc
1223 2620 1339 2653 virtute
1373 2621 1404 2652 in
1435 2620 1606 2661 virtutem,
1633 2620 1670 2652 ad
1700 2621 1817 2656 altiora

1696 230 1758 266 407
1805 243 1854 269 An.
1872 242 1900 270 c.
1920 242 1986 270 tc—st
