2227 3225
107 272 155 297 An.
172 270 200 297 C.
222 269 286 297 ¹691

880 268 1090 293 INNOCENTIUS
1116 269 1160 292 XII
1184 268 1232 292 rP.

299 317 365 351 sive
382 318 423 350 sit
439 328 497 361 per
515 317 645 351 modum
664 317 904 350 constitutionis
922 328 1037 357 novae,

300 370 365 403 sive
391 370 641 413 dispensationis
665 376 721 403 aut
741 370 970 404 declarationis
989 381 1040 403 an-

301 423 418 466 tiquae.
435 421 554 461 Quibus
569 428 676 456 tamen
693 424 934 456 conditionibus
952 434 1039 466 prae-

300 476 417 517 missis,
442 482 472 509 et
496 487 563 510 non
589 477 693 515 aliter,
718 477 793 515 huic
818 477 983 518 volumini,
1009 481 1061 510 et·

300 528 339 561 ad
364 530 484 562 calcem
510 529 634 573 proprii
669 529 793 573 capitis,
820 540 892 563 eum
924 530 1039 563 distin-

299 581 405 614 ctione
430 592 448 615 a
473 588 582 623 textu,
609 582 819 623 subiiciatur,
854 589 885 616 et
909 583 953 616 ita
978 583 1038 615 vim

299 634 492 669 universalis
530 641 562 668 et
591 636 758 679 rigorosae
795 636 1038 670 constitutionis

299 687 457 721 obtineat.

343 750 384 773 tv.
400 740 647 775 observantiam
665 748 770 775 autem
787 742 930 775 omnium
949 751 1040 785 prae-

300 793 461 828 dictorum
487 795 533 828 sic
559 796 745 829 inviolatam
772 796 980 835 intendimus,
1006 801 1060 828 ut¹

299 857 339 879 ne
360 847 492 881 minima
503 848 635 891 quidem
654 854 785 891 pateant
807 848 982 891 despectui,
999 858 1038 881 ne

299 901 454 943 paulatim
479 902 510 934 in
531 902 675 934 maximis
694 902 899 941 decidamus;
920 913 977 934 nec
996 902 1038 934 ita

299 952 332 986 in
356 953 491 988 modicis
516 954 719 998 simplicibus
736 955 864 987 statutis
881 955 1039 987 securita-

301 1011 365 1039 tem
391 1006 596 1050 iniungimus,
627 1013 673 1048 ut,
701 1008 814 1041 maiori
841 1007 1037 1051 obligatione

299 1065 498 1100 occurrente,
510 1060 617 1093 minor
630 1061 834 1094 observantia
847 1070 962 1103 urgere
980 1067 1038 1093 nos

300 1112 417 1146 audeat
436 1123 508 1146 eum
534 1112 729 1147 detrimento
757 1114 908 1157 potioris.

344 1176 375 1199 v.
400 1165 492 1204 Quod
510 1177 550 1200 ne
568 1167 736 1210 contingat
749 1168 910 1201 interdum
929 1168 1037 1210 legum

299 1218 589 1262 incompatibilitas
621 1225 847 1263 temperetur,
879 1220 1038 1253 universis

299 1272 451 1315 praelatis
469 1273 501 1305 in
525 1272 644 1307 Ordine
670 1274 937 1317 dispensatoriam
964 1284 1039 1306 con-

300 1325 446 1359 cedimus
472 1326 669 1366 facultatem,
686 1332 728 1367 ut,
749 1328 874 1370 quoties
894 1327 1038 1370 pruden-

299 1383 348 1411 ter
372 1383 403 1411 et
427 1378 667 1412 rationabiliter
691 1379 846 1423 expedire
882 1380 1039 1413 iudicave-

299 1430 384 1471 rint,
411 1431 596 1465 huiusmodi
626 1432 846 1465 observantias
885 1433 1036 1466 fratribus

297 1483 470 1528 indulgere
495 1486 632 1524 valeant,
659 1490 691 1518 et
714 1495 768 1518 eas
793 1485 923 1528 quidem
945 1496 1038 1528 prae-

297 1536 393 1580 cipue
418 1547 501 1580 quae
527 1537 670 1571 divinum
696 1538 846 1579 officium,
873 1544 926 1571 aut
942 1539 1037 1582 ‹sapti-

297 1599 412 1622 vorum
437 1590 702 1634 redemptionem,
729 1592 777 1624 rel
803 1592 981 1634 praecisam
1007 1598 1038 1625 et

297 1651 501 1676 communem
514 1643 645 1677 Ordinis
662 1645 832 1679 utilitatem
848 1645 1036 1688 impediant,

297 1702 352 1730 aut
376 1697 576 1739 generaliter
593 1698 722 1740 quando
751 1699 859 1732 minor
880 1699 1036 1741 obligatio

298 1755 331 1783 et
355 1751 561 1783 observantia
585 1762 657 1783 cum
689 1751 809 1784 minori
845 1752 1037 1795 complicata

296 1803 454 1836 videatur.
482 1803 529 1836 Ab
561 1803 623 1836 hac
659 1810 765 1837 tamen
803 1804 1037 1848 dispensatoria

298 1856 450 1890 facultate
475 1856 656 1900 excipimus
683 1867 729 1897 ea,
756 1868 839 1900 quae
865 1858 934 1891 iure
951 1869 1037 1891 com-

297 1909 386 1942 muni
410 1915 632 1942 nostrarumve
657 1910 926 1944 constitutionum
956 1911 1035 1954 ipsis

298 1972 449 2006 expresse
475 1963 704 2006 prohibentur.

341 2026 384 2049 v1.
420 2015 586 2049 Fratribus
625 2021 733 2049 autem
768 2017 900 2060 expedit
937 2025 1038 2060 super

297 2068 405 2103 omnia
429 2079 556 2103 summo
582 2070 688 2104 studio
712 2070 920 2114 perpendere
939 2097 947 2111 ,
967 2080 1037 2103 cor-

295 2123 416 2166 rigere,
444 2128 477 2156 et
500 2133 653 2156 mensura
666 2123 687 2164 ¹,
715 2129 777 2156 tam
804 2125 916 2166 regula
941 2134 1036 2167 quam

296 2175 545 2210 constitutiones
570 2177 767 2219 praemissae
799 2177 838 2210 ad
869 2176 1036 2210 conscien-

297 2229 361 2262 tiae
400 2229 507 2262 sorum
532 2230 740 2273 pertineant,
777 2229 860 2263 nec⁹
884 2230 1035 2263 videlicet

296 2283 564 2325 transgressionis
589 2284 764 2327 scrupulus
794 2294 848 2317 eos
874 2283 904 2316 in
938 2294 1036 2326 angu-

296 2335 356 2368 stia
380 2335 572 2377 constituat,
598 2337 647 2369 vel
669 2336 911 2369 inobservantia
937 2341 1036 2368 trans-

295 2394 348 2422 eat
370 2388 402 2421 in
439 2394 661 2432 contemptum
680 2415 688 2429 ,
716 2394 749 2422 et
785 2390 892 2432 lapsus
929 2389 1033 2422 iterati

296 2441 415 2474 ducant
437 2441 605 2485 paulisper
628 2441 662 2475 in
686 2442 826 2475 foveam.

339 2504 394 2528 vn.
419 2494 458 2527 Et
482 2494 557 2528 licet
579 2495 729 2538 superius
755 2495 831 2528 dist.
859 2505 894 2529 111
920 2506 991 2540 cap.
1023 2506 1032 2529 1

295 2546 342 2581 De
369 2547 552 2581 obedientia
582 2547 647 2581 iam
678 2558 777 2592 super
806 2548 869 2582 hoc
901 2549 1032 2592 regulae

333 2620 344 2645 1
367 2617 498 2645 Emeudet
517 2618 561 2653 qui
581 2622 670 2654 potest
688 2619 727 2652 (R.
749 2619 797 2652 ’τ.).

329 2663 346 2689 9
367 2663 464 2691 Forsan
486 2672 519 2690 ne
539 2664 680 2699 legendum
702 2665 736 2699 (R.
753 2666 802 2699 τ.).

1083 316 1146 348 sint
1166 315 1370 360 praemissae,
1390 325 1443 350 eas
1462 321 1569 350 tamen
1590 317 1740 350 fratribus
1758 329 1822 352 non

1083 369 1263 413 importune
1289 370 1538 409 inculcabimus,
1575 374 1610 404 ut
1645 370 1677 403 in
1712 382 1822 405 eorum

1082 423 1235 456 cordibus
1262 423 1385 456 defixae
1410 429 1634 466 permaneant,
1662 435 1766 467 neque
1785 424 1823 457 il-

1082 476 1185 509 larum
1210 476 1330 509 oblivio
1348 482 1455 519 vergat
1478 476 1510 509 in
1529 477 1750 513 conscientiae
1769 488 1822 520 pe-

1082 527 1228 561 riculum.
1244 528 1333 561 Unde
1344 539 1506 562 memores
1520 539 1574 562 eos
1589 529 1723 562 facimus
1734 530 1821 573 quod

1081 582 1194 623 regula
1219 587 1250 614 et
1274 581 1473 621 constitutio,
1499 587 1554 615 aut
1577 582 1674 615 etiam
1694 583 1822 626 praela-

1082 639 1187 666 torum
1220 633 1317 667 verba
1350 645 1403 667 scu
1434 635 1528 674 iussa,
1550 635 1738 668 nullatenus
1764 645 1820 668 eos

1081 686 1228 729 obligant
1241 687 1279 720 ad
1297 688 1424 730 culpam
1440 698 1521 730 quae
1541 688 1726 730 theologica
1743 688 1821 721 dici-

1056 734 1061 742 “
1082 744 1140 779 tur,
1161 739 1218 774 sed
1237 744 1359 772 tantum
1385 740 1423 773 ad
1450 749 1596 783 poenam,
1617 740 1678 773 nisi
1697 740 1751 774 ubi
1766 740 1821 774 ad-

1081 792 1121 824 sit
1144 798 1354 836 praeceptum
1375 793 1518 826 formalis
1535 793 1750 835 obedientiae,
1770 795 1820 828 vel

1081 850 1288 889 contemptus
1312 847 1460 889 praelati,
1488 847 1740 888 constitutionis,
1766 853 1822 880 aut

1058 907 1059 910 ’
1081 900 1211 941 regulae
1228 926 1235 939 ,
1264 900 1313 932 vel
1340 899 1400 932 nisi
1428 899 1459 931 in
1484 900 1618 933 materia
1643 911 1723 944 quae
1755 901 1817 933 iam

1080 952 1209 985 aliunde
1242 951 1366 995 obligat
1391 962 1425 985 ex
1451 958 1525 986 voto
1552 953 1600 986 vel
1630 959 1816 996 praecepto.

1124 1014 1191 1038 vtn.
1220 1004 1434 1048 Praeceptum
1460 1011 1566 1038 autem
1584 1005 1727 1039 formalis
1746 1007 1820 1039 obe-

1081 1057 1221 1090 dientiae
1248 1062 1325 1090 tune
1344 1057 1463 1090 debent
1489 1058 1673 1100 intelligere
1692 1058 1818 1099 fratres,

1080 1121 1151 1143 cum
1190 1111 1374 1154 praelatus,
1400 1112 1534 1154 regula,
1561 1112 1608 1144 vel
1634 1112 1819 1146 constitutio

1080 1164 1235 1207 praecipit
1252 1164 1284 1197 in
1310 1164 1427 1198 virtute
1446 1165 1664 1204 obedientiae,
1687 1171 1740 1198 aut
1757 1166 1818 1199 sub

1080 1217 1149 1250 aliis
1172 1218 1287 1258 verbis,
1314 1218 1429 1261 poenis
1467 1224 1499 1252 et
1531 1218 1817 1259 execrationibus,

1079 1281 1160 1313 quae
1185 1270 1335 1304 affectum
1360 1276 1391 1304 et
1416 1271 1629 1305 intentionem
1651 1272 1817 1314 obligandi

1079 1323 1260 1366 significant
1284 1325 1381 1357 modo
1406 1325 1526 1358 ibidem
1552 1324 1707 1368 praefixo.
1735 1325 1819 1363 Quo-

1057 1385 1060 1407 t
1079 1377 1175 1410 modo
1190 1381 1296 1409 autem
1308 1378 1470 1420 praelatus
1481 1378 1613 1412 nonnisi
1629 1378 1670 1410 in'
1685 1378 1818 1411 materia

1079 1431 1167 1473 gravi
1193 1430 1258 1463 illis
1283 1431 1329 1462 uti
1356 1431 1506 1471 debeant,
1524 1437 1556 1464 ct
1579 1441 1661 1474 quae
1688 1431 1728 1463 sit
1753 1431 1816 1471 illa,

1079 1483 1140 1517 iam
1161 1484 1312 1517 similiter
1329 1484 1361 1516 in
1376 1484 1490 1519 eodem
1504 1485 1576 1518 loco
1598 1484 1816 1528 exposuimus.

1122 1546 1163 1569 tx.
1191 1536 1282 1569 Circa
1306 1546 1429 1580 poenas
1455 1547 1541 1577 vero,
1557 1547 1635 1580 quas
1654 1538 1817 1572 interdurn

1079 1589 1364 1623 constitutionibus
1401 1590 1584 1631 adiicimus,
1611 1591 1741 1633 quando
1786 1596 1818 1623 et

1079 1643 1354 1685 quemadmodum
1379 1643 1596 1682 incurrantur,
1616 1644 1766 1676 similiter
1784 1643 1816 1676 in

1079 1696 1152 1729 dist.
1178 1696 1214 1728 ν’
1237 1706 1308 1739 cap.
1337 1707 1346 1729 1
1372 1696 1418 1729 De
1441 1696 1554 1740 poenis
1575 1696 1609 1729 in
1635 1706 1749 1739 qenere
1769 1707 1817 1729 re-

1078 1750 1187 1792 gulam
1211 1749 1472 1792 praelibavimus,
1498 1760 1592 1792 quam
1615 1760 1744 1793 semper
1761 1750 1818 1784 sra-

1080 1808 1141 1835 tres
1180 1802 1302 1835 habere
1336 1812 1414 1845 prae
1452 1803 1554 1835 oculis
1590 1802 1676 1835 omni
1711 1803 1817 1836 studio

1078 1855 1288 1896 consulimus,
1312 1865 1352 1888 ne
1370 1865 1429 1898 per
1445 1855 1679 1898 negligentiam
1699 1861 1754 1889 aut
1770 1867 1818 1889 er-

1077 1918 1186 1942 rorem
1210 1920 1243 1942 se
1266 1909 1414 1943 innoxios
1438 1909 1614 1953 aliquando
1641 1915 1816 1954 reputent,

1078 1963 1127 1995 vel
1152 1970 1213 2005 per
1236 1962 1373 1995 livorem
1397 1962 1478 1995 alios
1504 1962 1677 1997 innodatos
1703 1962 1814 1995 existi-

1079 2020 1180 2048 ment.
1202 2014 1402 2059 Quicumque
1420 2020 1525 2049 autem
1543 2016 1756 2058 praemissam
1770 2026 1818 2049 re-

1078 2070 1186 2111 gulam
1212 2073 1245 2102 et
1269 2068 1516 2102 constitutiones
1536 2069 1665 2112 sequuti
1683 2068 1814 2110 suerint,

1078 2132 1137 2165 pax
1163 2131 1263 2164 super
1285 2121 1359 2155 illos
1385 2126 1418 2154 et
1441 2121 1676 2162 misericordia,
1704 2125 1735 2156 et
1763 2132 1817 2155 su-

1079 2184 1138 2218 per
1161 2174 1258 2207 lsrael
1283 2174 1350 2207 Dei.
1378 2173 1495 2206 Amen.

1116 2227 1235 2258 Acutum
1265 2231 1290 2256 et
1322 2228 1472 2257 sessionum
1503 2228 1656 2267 definitorii
1678 2228 1817 2267 generalis
1855 2234 1902 2256 ntes
1926 2234 2009 2256 aluntu-

1076 2278 1140 2316 fiuis
1161 2279 1251 2316 factus
1273 2281 1311 2306 est
1333 2277 1362 2306 in
1384 2276 1435 2306 Dei
1457 2276 1607 2307 Salvator-is
1629 2279 1716 2307 nostri
1743 2279 1817 2307 eius·
1827 2264 2009 2309 memmimu-

1077 2335 1128 2364 que
1148 2326 1334 2355 sanctissimae
1350 2324 1497 2354 Genio-icis
1510 2325 1626 2364 gloriam
1642 2329 1666 2354 el
1689 2326 1817 2355 honorem

1076 2375 1120 2405 dfe
1142 2384 1205 2403 xxx
1226 2374 1376 2403 novembris
1398 2383 1469 2403 anuo
1490 2380 1694 2404 nocnxxxvnt.

1115 2423 1163 2453 Fr.
1187 2423 1327 2462 Iosephus
1356 2422 1459 2460 Linas,
1484 2423 1621 2460 magister
1648 2423 1810 2460 generalis3
1832 2433 2009 2460 sitast-nmmum,

1076 2469 1125 2499 Fr.
1148 2469 1252 2499 Petrus
1284 2468 1389 2499 Garcia
1421 2468 1582 2506 castellae,
1606 2469 1812 2508 provincialis3

1076 2516 1124 2545 Fr.
1147 2515 1269 2545 Michael
1298 2514 1423 2549 Mareis,
1455 2515 1679 2553 exprovincialis
1707 2520 1736 2545 et
1767 2516 1817 2545 de-

1076 2563 1175 2592 finitor
1203 2562 1347 2601 generalis
1378 2561 1533 2599 Castellae3
1560 2562 1608 2591 Fr.
1641 2561 1753 2592 Marcus
1781 2561 1816 2591 de

1113 2620 1124 2646 1
1141 2619 1292 2654 Praeposit.
1310 2620 1341 2646 in
1357 2627 1406 2646 nos
1421 2619 1544 2646 addimus
1557 2621 1595 2653 (R.
1611 2620 1661 2654 Τ.).

1112 2664 1128 2689 2
1148 2663 1216 2690 Edit.
1238 2664 1317 2691 Maio.
1339 2664 1402 2699 legit
1425 2665 1456 2690 15
1480 2665 1519 2698 (n.
1539 2663 1590 2699 T.)-

1706 259 1772 295 403
1818 272 1867 298 An.
1883 271 1911 298 c.
1934 270 2006 298 ¹691
