2254 3225
209 227 258 253 An.
273 224 302 251 c.
325 222 392 250 1689
438 212 480 247 18

404 275 459 305 aut
493 269 580 303 aliud
616 266 843 311 quodcumque
878 260 968 299 iuris,
993 257 1066 291 sacti
1092 256 1140 288 vel

406 324 527 368 gratiae
551 321 730 356 remedium
756 315 937 361 impetrari,
964 316 1018 345 aut
1043 311 1142 351 inipe-

405 382 503 417 trato,
531 386 588 409 seu
613 374 709 407 etiam
734 376 822 405 motu
847 366 943 401 simili
969 370 1140 397 concesso,

408 430 592 475 quempiam
617 428 648 461 in
668 425 788 459 iudicio
812 423 862 456 vel
887 425 976 453 extra
992 415 1072 450 illud
1097 412 1143 445 uti

409 496 467 518 seu
484 495 518 518 se
536 483 644 516 iuvare
658 489 768 524 posse,
783 486 891 519 neque
909 472 1038 506 easdem
1052 476 1145 510 prae-

405 542 520 571 sentes
546 536 604 568 sub
627 531 791 577 quibusvis
816 526 969 561 similium
988 522 1037 554 vel
1056 517 1146 552 dissi-

410 591 535 624 milium
556 585 822 622 constitutionum
851 591 887 613 ac
905 574 1145 610 revocationum

411 651 445 678 et
460 642 701 677 ordinationum
728 631 996 670 revocationibus,
1014 635 1149 668 suspen-

413 697 572 734 sionibus,
596 689 850 728 limitationibus‚
877 690 908 718 et
928 682 998 716 aliis
1023 684 1149 713 eontra-

413 750 470 784 riis
488 744 755 790 dispositionibus
772 751 831 784 pro
850 745 996 780 tempore
1014 742 1150 776 quomo-

415 802 539 836 dolibet
556 799 656 836 sactis,
681 790 913 836 comprehendi
931 794 984 821 aut
1004 794 1150 828 compre-

415 855 534 888 hensas
558 849 694 888 censeri,
721 846 776 879 sed
802 853 930 886 semper
954 840 993 873 ab
1014 840 1078 872 illis
1104 849 1152 870 ex·

416 913 533 950 ceptas,
551 909 592 944 et,
607 901 731 946 quoties
745 900 819 931 illae
834 894 1041 932 emanaliunt,
1058 891 1152 924 toties

417 960 450 993 in
471 958 643 1002 pristinum
669 956 706 987 ets>
720 950 952 985 validissimum
971 951 1087 978 statum
1107 955 1154 977 re-

419 1013 568 1050 stitutas,
598 1007 758 1051 repositas
788 1008 819 1036 et
847 1000 995 1045 plenarie
1027 998 1150 1031 reinte-

419 1070 546 1108 gratus,
575 1073 611 1095 ac
640 1060 733 1093 etiam
766 1056 826 1089 sub
855 1052 1031 1098 posteriori
1061 1052 1154 1089 data,

420 1123 578 1162 quatenus
597 1125 676 1158 opus
696 1113 744 1151 sit,
764 1111 869 1144 denuo
887 1115 1068 1143 concess-415,
1087 1114 1157 1147 per-

419 1176 584 1215 petuoque
623 1166 767 1203 validas,
800 1163 909 1194 firmas
941 1164 973 1192 et
1012 1158 1157 1191 efficaces

420 1224 559 1256 existere
588 1225 619 1253 et
647 1220 736 1256 sore,
767 1225 907 1258 suosque
936 1211 1101 1256 plenarios
1128 1215 1159 1243 et

418 1277 562 1318 integros
586 1272 717 1307 effectus
742 1268 852 1303 sortiri
877 1272 909 1300 et
934 1266 1097 1303 obtinere,
1123 1274 1159 1296 ac

422 1330 461 1362 ab
487 1327 648 1364 omnibus,
672 1325 711 1357 ad
741 1333 821 1366 quos
847 1324 974 1364 spectat
1001 1324 1032 1351 et
1059 1326 1160 1360 quan-

422 1383 605 1424 documque
631 1376 812 1421 spectabit,
845 1371 1079 1406 inviolabiliter
1104 1370 1162 1402 ob-

423 1434 563 1473 servari,
590 1432 701 1474 sicque
726 1430 759 1462 in
777 1425 963 1472 praemissis
987 1434 1046 1468 per
1067 1434 1162 1467 quos-

425 1498 560 1531 cumque
589 1484 711 1517 iudices
736 1487 767 1515 et
791 1478 1040 1517 commissarios,
1067 1476 1162 1509 etiam

424 1550 591 1575 causarum
626 1535 737 1581 palatii
771 1532 944 1577 apostolici
975 1530 1162 1569 auditores,

425 1606 461 1628 ac
481 1593 628 1628 eiusdem
644 1591 675 1624 S.
692 1591 730 1623 R.
746 1589 781 1621 E.
796 1587 988 1623 cardinales,
1006 1584 1103 1617 etiam
1123 1584 1162 1615 de

425 1649 525 1681 latere
558 1647 690 1688 legatos
716 1646 747 1674 et
776 1639 905 1684 quosvis
931 1637 1022 1670 Sedis
1054 1641 1085 1668 et
1109 1635 1164 1668 Ca-

426 1710 534 1734 merae
559 1697 798 1742 praedictarum
822 1692 975 1726 officiales
1009 1695 1041 1722 et
1071 1689 1161 1721 mini-

428 1758 524 1792 stros,
542 1757 573 1784 et
589 1750 669 1783 alios
688 1755 908 1791 quoscumque
927 1742 1038 1787 quavis
1057 1747 1165 1774 aucto-

429 1806 523 1838 ritate
557 1809 589 1837 et
619 1806 780 1847 potestate
814 1800 997 1841 fungentes,
1023 1805 1110 1829 nunc
1135 1800 1167 1828 et

429 1869 489 1903 pro
523 1864 670 1900 tempore
700 1855 886 1892 existentes,
910 1851 1034 1884 sublata
1065 1850 1110 1883 eis
1136 1854 1167 1882 et

430 1922 541 1947 eorum
558 1910 690 1946 cuilibet
707 1908 817 1951 quavis
834 1906 929 1939 aliter
946 1903 1110 1936 iudicandi
1137 1907 1168 1935 et

429 1963 666 2008 interpretandi
685 1962 836 1995 facultate
853 1964 884 1992 et
898 1956 1102 1996 auctoritate,
1115 1957 1167 1989 de-

430 2018 515 2052 finiri
532 2018 671 2055 debere,
697 2025 734 2048 ac
750 2013 876 2046 irritum
901 2016 932 2044 et
957 2010 1053 2043 inane
1077 2009 1102 2041 si
1120 2019 1168 2041 se-

431 2083 486 2106 cus
505 2081 602 2115 super
621 2069 673 2103 his
697 2079 714 2101 a
739 2076 911 2111 quoquam,
931 2063 1040 2108 quavis
1060 2068 1169 2096 aucto-

434 2126 540 2165 ritate,
555 2123 694 2157 scienter
709 2122 756 2154 vel
774 2121 972 2163 ignoranter,
995 2116 1170 2159 contigerit

433 2177 596 2212 attentari.
623 2176 777 2215 Quocirca
802 2173 927 2207 dilectis
952 2171 1026 2204 tiliis
1057 2175 1167 2203 nostro

434 2243 472 2265 ac
488 2231 565 2264 S.R.
578 2230 611 2263 E.
627 2228 810 2273 praedictae
830 2224 1006 2260 camerario
1025 2234 1080 2256 seu
1098 2233 1169 2266 pro-

435 2283 621 2323 camerario,
648 2291 775 2315 necnon
799 2276 1076 2316 vice-camerario,
1103 2275 1170 2307 the-

436 2337 580 2371 saurario
597 2346 633 2369 ac
652 2334 776 2369 clericis
794 2329 1063 2377 praesidentibus,
1086 2339 1170 2362 com-

437 2390 586 2425 missario
604 2394 635 2422 et
651 2387 721 2421 aliis
741 2386 892 2420 Gamerae
916 2383 1102 2427 praedictae
1126 2381 1171 2414 os-

437 2443 605 2482 ficiabbus,
625 2441 664 2474 ad
687 2450 766 2484 quos
792 2443 926 2482 spectat,
951 2435 1170 2480 praecipimus

439 2502 472 2530 et
495 2495 692 2533 mandamus,
726 2499 760 2525 ut
792 2495 999 2536 praesentem
1029 2493 1172 2522 nostram

440 2548 698 2583 constitutionem
724 2551 755 2579 ct
779 2545 811 2578 in
837 2547 874 2578 ea
898 2547 1049 2577 contenta
1078 2552 1173 2584 quae-

441 2613 578 2647 cumque
603 2602 636 2636 in
660 2601 808 2635 omnibus
833 2604 864 2634 et
884 2597 1019 2642 singulis
1037 2595 1172 2630 tirmiter

981 206 1158 234 BULLARIUM
1183 202 1336 228 ROMANUM

1183 258 1214 285 et
1237 248 1465 283 inviolabiliter
1487 246 1660 278 observent
1683 248 1715 277 et
1739 242 1857 276 faciant
1881 242 1920 275 ab

1183 304 1254 337 aliis
1276 300 1453 336 observari.

1229 357 1243 399 ξ
1268 355 1322 388 12.
1342 355 1412 387 Non
1439 352 1640 386 obstantibus
1665 351 1922 395 supradictarum

1186 410 1288 443 litium
1320 406 1513 451 pendentia,
1547 405 1682 448 aliisque
1708 405 1858 438 omnibus
1893 410 1926 438 et

1187 461 1322 504 singulis
1359 459 1556 503 praemissis,
1589 469 1716 491 necnon
1752 460 1864 491 nostra
1895 464 1926 491 et

1188 513 1400 548 cancellariae
1432 512 1629 556 apostolicae
1653 513 1766 554 regula
1795 512 1833 545 de
1858 512 1926 545 iure

1190 568 1337 612 quaesito
1350 578 1415 600 non
1435 567 1590 606 tollendo,
1608 576 1654 606 ae,
1672 570 1830 608 quatenus
1848 576 1928 608 opus

1191 623 1240 661 sit,
1258 620 1417 665 praedicti
1437 619 1482 652 Pii
1508 619 1775 663 praedecessoris
1794 619 1832 652 de
1858 629 1930 662 gra-

1192 675 1242 708 tiis
1253 675 1487 718 qualecumque
1496 673 1655 706 interesse
1666 672 1768 705 dictae
1780 671 1929 705 Gamerae

1192 726 1464 760 concernentibus
1493 726 1525 758 in
1554 725 1664 758 eadem
1693 725 1826 757 Camera
1845 735 1931 767 prae-

1194 779 1360 812 sentandis
1384 784 1416 812 et
1441 779 1658 821 registrandis,
1678 778 1759 810 itaut
1780 788 1932 820 praesen-

1194 839 1242 866 tes
1261 833 1293 865 in
1311 834 1347 865 ea
1365 831 1564 876 praesentari
1593 837 1646 864 aut
1667 830 1831 873 registrari
1851 841 1933 863 nun-

1196 897 1289 930 quam
1314 896 1444 919 necesse
1465 885 1517 925 sit,
1535 885 1670 928 aliisque
1689 883 1879 927 apostolicis
1897 894 1933 916 ac

1196 939 1228 971 in
1253 938 1484 971 universalibus
1513 937 1832 981 provincialibusque
1857 947 1934 969 con-

1197 992 1279 1025 ciliis
1306 991 1408 1030 editis,
1435 991 1639 1033 generalibus
1663 991 1712 1023 vel
1727 990 1933 1033 specialibus,

1198 1044 1485 1078 constitutionibus
1510 1048 1543 1076 et
1566 1043 1836 1084 ordinationibus,
1861 1054 1937 1076 nec-

1199 1110 1263 1132 non
1289 1098 1466 1142 quibusvis,
1487 1098 1581 1130 etiam
1608 1097 1800 1135 iuramento,
1820 1098 1938 1130 confir-

1199 1152 1339 1185 matione
1371 1151 1557 1194 apostolica,
1584 1161 1639 1183 seu
1664 1151 1775 1193 quavis
1801 1151 1863 1183 alia
1887 1150 1924 1182 tir

1201 1206 1309 1238 mitate
1334 1204 1506 1244 roboratis,
1527 1203 1651 1236 statutis
1676 1209 1708 1236 et
1732 1204 1939 1236 consuetudi-

1202 1258 1308 1299 nibus,
1336 1258 1431 1290 etiam
1456 1255 1776 1295 immemorabilibus‚
1807 1255 1941 1299 privile-

1203 1311 1263 1354 giis
1290 1321 1431 1354 quoque,
1454 1309 1587 1342 indultis
1614 1314 1645 1341 et
1669 1308 1939 1347 concessionibus,

1205 1364 1472 1402 immunitatibus,
1514 1362 1792 1406 exemptionibus,
1834 1362 1943 1394 chiro-

1205 1418 1350 1462 graphis,
1380 1417 1501 1449 cedulis
1527 1415 1882 1458 motinimpropriorum
1912 1419 1945 1447 et

1205 1473 1275 1505 aliis
1301 1470 1466 1514 scripturis
1499 1475 1530 1502 et
1550 1469 1666 1502 litteris
1691 1468 1787 1501 etiam
1812 1473 1944 1510 aposto-

1206 1525 1276 1559 licis
1300 1523 1484 1568 praedictis,
1512 1528 1544 1555 et
1568 1521 1732 1565 quibusvis
1757 1521 1826 1554 aliis
1848 1521 1943 1554 etiam

1206 1583 1242 1610 ut
1258 1578 1440 1621 praefertur
1453 1575 1652 1619 qualificatis,
1668 1585 1704 1606 ac
1720 1574 1850 1617 speciali
1870 1576 1946 1607 nota

1208 1637 1239 1664 et
1262 1630 1426 1664 mentione
1452 1629 1577 1671 dignis,
1605 1627 1729 1660 etiamsi
1754 1627 1945 1660 nominatim

1209 1690 1318 1724 essent
1352 1682 1562 1727 exprimendi,
1590 1682 1648 1714 sub
1686 1681 1945 1725 quibuscumque

1208 1737 1380 1770 verborum
1406 1735 1574 1768 tenoribus
1599 1740 1631 1767 et
1655 1734 1785 1774 formis,
1813 1744 1849 1766 ac
1874 1744 1945 1766 cum

1208 1790 1376 1833 quibusvis
1395 1789 1491 1821 etiam
1508 1787 1789 1829 derogatoriarum
1811 1787 1947 1828 deroga-

1209 1843 1310 1883 toriis,
1331 1841 1465 1885 aliisque
1491 1839 1725 1873 efficacioribus
1750 1843 1783 1872 et
1807 1838 1947 1871 insolitis

1209 1896 1371 1936 clausulis,
1389 1906 1426 1928 ac
1449 1893 1660 1933 irritantibus,
1684 1897 1716 1925 et
1740 1892 1811 1925 aliis
1835 1893 1948 1925 decre-

1211 1952 1249 1984 tis
1274 1950 1369 1984 etiam
1390 1947 1694 1990 inexcogitabilibus
1714 1951 1745 1979 et
1760 1944 1947 1978 necessario

1211 2002 1437 2048 exprimendis,
1453 2001 1549 2034 etiam
1566 2003 1750 2032 contractus
1764 1998 1860 2030 iurati
1875 2008 1948 2030 cum

1211 2058 1340 2092 Camera
1365 2057 1476 2088 nostra
1501 2051 1688 2096 Apostolica
1705 2051 1776 2084 initi
1794 2055 1826 2083 et
1842 2061 1948 2084 came-

1211 2111 1270 2144 rali
1302 2108 1501 2150 obligatione
1532 2105 1649 2145 vallati,
1676 2109 1707 2137 et
1738 2103 1852 2147 quovis
1883 2103 1947 2137 alio

1210 2164 1330 2197 robore
1366 2166 1397 2195 et
1431 2159 1555 2192 cautela
1587 2157 1731 2196 firmatis,
1763 2156 1857 2190 editis
1891 2167 1948 2190 sen

1212 2216 1313 2256 factis,
1338 2225 1374 2247 ac
1399 2213 1475 2246 alias
1502 2211 1747 2256 quomodolibet
1766 2210 1799 2242 in
1824 2215 1949 2243 contra-

1212 2271 1294 2303 rium
1316 2266 1567 2312 praemissorum
1585 2264 1759 2303 concessis,
1777 2263 1949 2296 confirma-

1212 2325 1251 2357 tis
1276 2333 1312 2356 ac
1327 2320 1450 2366 pluries
1468 2318 1644 2358 innovatis;
1666 2317 1781 2360 quibus
1799 2317 1948 2349 omnibus

1214 2383 1244 2411 et
1269 2376 1406 2419 singulis
1432 2371 1570 2417 (etiamsi
1596 2371 1628 2403 in
1654 2370 1700 2403 eis
1724 2374 1873 2403 caveatur
1896 2380 1950 2403 ex-

1214 2441 1325 2476 presse
1350 2428 1435 2473 quod
1460 2427 1526 2460 ullo
1549 2435 1692 2468 unquam
1719 2429 1865 2466 tempore
1890 2424 1949 2456 sub

1215 2485 1368 2518 similium
1391 2483 1441 2515 vel
1473 2478 1674 2513 dissimilium
1707 2477 1949 2520 exemptionum

1216 2544 1248 2572 et
1281 2534 1528 2572 immunitatum,
1554 2530 1826 2570 revocationibus,
1859 2530 1951 2562 abro-

1216 2589 1418 2635 gationibus,
1454 2583 1750 2624 annullationibus,
1788 2587 1843 2615 aut
1876 2581 1949 2617 aliis

1932 194 1978 219 An.
1997 190 2024 216 C.
2047 191 2113 221 '¹¹59

1947 363 2059 388 Derogatin
2069 369 2118 385 eon.

1936 393 2056 413 trarwruin.
