2254 3225
197 166 245 192 An.
268 165 374 192 (21691
425 156 489 189 9294
971 169 1146 191 BI'LtAtttt'it

388 214 539 247 fratribus
564 216 680 249 nostris
707 216 850 249 tribuant
873 216 1046 255 licentiam,
1073 219 1121 250 vel
1143 216 1144 219 ’

390 277 444 300 eos
469 269 657 311 permittant
685 270 723 302 ad
753 280 860 302 sacros
892 269 1022 301 ordines
1047 279 1122 312 pro-

388 321 519 361 moveri,
546 321 607 354 nisi
632 322 718 355 iuxta
742 322 877 355 formam
898 321 1032 355 Concilii
1056 321 1123 352 Tri-

389 373 524 414 dentini,
539 379 570 407 et
585 375 713 417 cognita
730 375 817 418 prius
834 385 945 408 eorum
963 375 1122 407 sufficien-

388 426 441 466 tia,
469 427 576 460 debita
597 432 711 467 aetate,
734 438 859 461 morum
884 428 1070 467 honestate,
1090 431 1121 459 et

388 478 567 512 litterarum
593 480 710 522 peritia
735 491 751 512 a
783 491 816 513 se
847 481 897 512 vel
923 479 1122 512 examinato-

388 531 476 564 ribus
511 534 740 575 comprobata3
772 533 887 576 quibus
922 532 980 565 sub
1005 533 1120 565 eodem

386 589 559 627 praecepto
587 585 811 628 subiungimus
844 591 877 617 ut
902 585 933 617 in
963 585 1025 617 hoc
1051 595 1121 617 eva-

386 636 471 670 mine
496 647 530 670 se
555 636 696 671 fideliter
720 644 750 671 et
775 644 884 671 exarte
903 643 1026 681 gerant.
1045 638 1121 682 Ipsi-

387 699 460 731 que,
481 691 530 723 vel
554 692 718 733 praelatus
743 702 760 723 a
786 691 899 734 quibus
924 692 1120 723 examinatus
1140 705 1141 718 ι

385 741 484 773 fuerit
508 742 715 783 ordinandus,
734 744 875 776 referant
891 744 1033 787 capitulo
1052 740 1120 777 ’0011-
1140 771 1141 775 ,

384 799 500 826 ventus
524 805 606 838 quae
632 795 716 828 circa
744 797 811 829 eius
840 796 1041 829 habilitatem
1069 802 1122 829 aut

384 846 623 881 inhabilitatem
659 849 899 892 compererint.
940 849 1120 892 Capitulum

383 910 458 932 vero
485 900 537 943 (ex
554 901 617 934 illis
635 903 859 935 tantummodo
878 908 1119 945 congregatum,

385 952 440 995 qui
466 953 566 986 sacris
592 960 665 986 sunt
688 954 813 994 initiati,
840 955 1020 998 eademque
1041 955 1122 988 sole-

384 1005 519 1038 mnitate
546 1011 576 1038 et
600 1006 856 1047 conditionibus,
884 1018 965 1050 quas
990 1018 1048 1050 pro
1075 1018 1123 1040 re-

385 1057 544 1100 cipiendis
582 1059 620 1090 ad
645 1058 795 1091 Ordinem
825 1064 856 1092 et
884 1059 1120 1102 professionem

384 1110 623 1153 ordinavimus)
649 1112 804 1153 procedat
828 1112 865 1144 ad
891 1112 1120 1155 probationem
1139 1106 1144 1126 '²

384 1173 443 1205 per
466 1162 615 1206 suffragia
640 1169 776 1205 secreta,
793 1175 888 1208 quam
905 1165 1015 1208 utique
1034 1166 1120 1198 omni

385 1217 546 1259 aequitate
574 1217 692 1250 sacient
707 1217 797 1250 iuxta
817 1217 1040 1251 sufficientiam
1062 1219 1121 1251 sibi

386 1279 403 1301 a
428 1269 570 1312 praelato
594 1271 644 1303 vel
669 1271 943 1304 examinatoribus
978 1272 1123 1305 declara-

386 1327 463 1362 tam,
491 1327 523 1355 et
546 1322 633 1355 iuxta
650 1333 753 1356 mores
774 1328 807 1356 et
831 1324 1020 1367 dignitatem
1040 1325 1121 1357 vitae

386 1384 482 1419 quam
498 1375 529 1407 in
547 1375 730 1408 ordinando
751 1376 870 1408 suerint
886 1377 1026 1419 experti;
1047 1388 1122 1420 quo-

386 1437 457 1459 rum
484 1427 508 1460 si
544 1428 647 1461 maior
682 1439 757 1471 pars
789 1429 970 1462 ordinando
999 1430 1122 1470 faveat,

386 1485 515 1512 maneat
535 1480 750 1523 approbatus,
770 1482 819 1514 sin
837 1487 954 1521 autem,
975 1484 1122 1525 repulsus

387 1532 491 1565 donec
513 1532 551 1565 de
575 1533 641 1566 suis
661 1544 693 1567 se
724 1535 902 1567 defectibus
926 1537 1068 1578 corrigat
1093 1541 1124 1569 et

386 1585 502 1618 reddat
526 1586 669 1619 habilem
695 1587 875 1620 ordinibus.
909 1588 952 1621 De
980 1589 1031 1621 his
1056 1590 1123 1632 qui-

387 1638 461 1671 dem
485 1639 637 1671 omnibus
657 1640 904 1674 commendator
923 1651 980 1685 per
1000 1642 1123 1675 litteras

385 1690 618 1724 testimoniales
634 1693 808 1726 certiorem
822 1693 918 1726 faciat
934 1695 1122 1737 magistrum

385 1744 435 1776 vel
459 1744 699 1787 provincialem,
735 1751 771 1778 ut
805 1747 865 1780 rite
901 1752 933 1779 et
969 1749 1122 1782 canonice

386 1807 460 1830 suas
484 1798 607 1830 litteras
631 1798 862 1832 dimissoriales
887 1801 1046 1843 expediat.

431 1859 474 1882 1v.
501 1849 638 1883 Obtenta
662 1850 759 1893 igitur
789 1851 852 1884 iam
880 1852 1020 1893 licentia,
1052 1854 1123 1886 stri-

387 1902 529 1935 ctissime
550 1903 768 1946 praecipimus
789 1906 1058 1947 commendatori,
1079 1913 1122 1949 ut,

388 1955 443 1998 qui
469 1956 570 1988 sacris
591 1955 759 1989 ordinibus
785 1956 959 1990 initiandus
985 1959 1038 1999 sit,
1064 1970 1124 2003 per

389 2008 501 2041 decem
519 2008 587 2041 dies
605 2009 777 2042 continuos
793 2020 859 2043 non
876 2010 1015 2053 patiatur
1033 2022 1124 2055 egre-

390 2060 421 2093 di
447 2060 486 2093 de
512 2066 670 2094 conventu
695 2072 755 2095 nec
779 2063 870 2103 cella,
888 2063 948 2096 nisi
974 2064 1012 2096 ad
1034 2069 1122 2098 actus

389 2115 617 2147 conventuales
644 2120 674 2148 et
690 2115 870 2158 spiritualia
887 2118 1124 2150 communitatis

390 2166 552 2207 exercitia,
578 2167 694 2210 quibus
717 2168 852 2201 ulterius
877 2169 940 2202 alia
970 2171 1124 2213 superad-

391 2219 465 2260 dat,
494 2225 530 2251 ut
558 2230 592 2252 se
620 2220 660 2252 ad
684 2230 800 2253 novum
824 2226 940 2254 statum
964 2223 1123 2265 condigne

391 2272 553 2316 disponat,
584 2278 616 2305 et
650 2273 926 2316 indulgentiarum
955 2276 1124 2316 beneficia,

393 2335 475 2368 quae
500 2325 616 2358 Paulus
634 2325 656 2357 V
681 2335 739 2368 per
759 2326 917 2359 dictorum
943 2338 977 2360 se
1000 2329 1124 2362 dierum

393 2377 531 2420 spatium
561 2379 832 2421 praeparantibus
867 2379 1014 2421 indulsit,
1041 2392 1126 2415 asse-

393 2436 520 2474 quatur.

437 2494 469 2516 v.
494 2482 623 2516 Fratres
655 2484 778 2525 clerici,
803 2485 857 2528 qui
891 2485 960 2519 sine
997 2487 1126 2520 licentia

393 2537 539 2580 magistri
564 2537 724 2580 generalis
745 2543 798 2571 aut
821 2538 1045 2582 provincialis,
1073 2550 1125 2573 eo-

1175 169 1324 192 [nummi
1902 172 1950 199 An.
1972 173 1999 198 C.
2018 172 2080 198 itm

1165 228 1272 249 rumve
1303 216 1577 258 hwatcnentiuin,
1603 229 1656 251 seu
1693 219 1815 252 falsatis
1845 221 1894 254 vel

1163 269 1339 312 suppositis
1365 280 1475 302 eorum
1502 271 1624 310 litteris,
1646 272 1670 304 si
1698 271 1772 316 qui¹
1799 273 1895 306 etiam

1163 321 1417 365 quibuscumque
1449 323 1519 356 aliis
1554 325 1745 369 subreptitie
1778 325 1896 359 suffulti

1162 384 1271 407 saeros
1288 374 1419 408 ordines
1437 377 1662 419 susceperint,
1689 384 1820 412 careant
1839 389 1896 423 spe

1162 427 1415 470 dispensationis
1439 429 1471 461 in
1489 429 1608 463 Ordine
1634 436 1744 465 nostro
1769 433 1808 465 ad
1829 433 1898 466 illo-

1161 490 1233 512 rum
1259 481 1457 521 exercitium,
1485 487 1516 514 et
1540 483 1652 515 habitu
1677 484 1764 517 exuti
1789 496 1806 518 a
1830 496 1897 519 ma-

1162 533 1260 574 gistro
1286 534 1428 575 generali
1453 535 1502 568 vel
1537 537 1726 578 provinciali
1757 537 1795 570 de
1822 548 1897 571 con-

1162 586 1232 618 silio
1259 586 1395 619 duorum
1419 588 1636 630 praelatorum
1661 589 1827 623 mittantur
1857 591 1897 623 ad

1162 638 1311 671 triremes
1343 649 1402 682 per
1433 645 1499 673 tres
1532 652 1655 682 annos;
1689 642 1727 675 de
1759 653 1896 685 quarum

1163 697 1269 725 tamen
1305 695 1409 736 poena
1441 694 1596 737 magister
1620 695 1652 728 in
1678 695 1819 739 capitulo
1844 707 1898 739 ge-

1162 745 1264 778 nerali
1299 756 1369 778 cum
1395 746 1463 779 eius
1489 747 1711 781 definitoribus
1747 759 1782 781 ex
1809 749 1898 782 iustis

1163 799 1269 831 solum
1288 803 1319 831 et
1335 798 1545 833 rationalibus
1565 800 1670 834 causis
1690 801 1811 844 poterit
1831 802 1898 835 dis-

1163 861 1313 894 pensare.

1205 914 1248 937 v1.
1275 903 1306 937 Si
1331 904 1428 938 frater
1447 904 1546 939 laicus
1566 911 1683 939 statum
1703 907 1897 948 clericalem,

1164 962 1196 989 et
1220 963 1459 1001 consequenter
1475 958 1618 992 minores
1637 964 1669 992 et
1689 970 1795 993 sacros
1813 961 1899 994 ordi-

1164 1020 1220 1043 nes
1239 1011 1401 1054 suscipere
1420 1011 1575 1054 intendat‚
1592 1013 1683 1045 nullo
1701 1013 1796 1046 modo
1812 1014 1849 1046 ad
1866 1014 1897 1046 id

1163 1063 1343 1106 indulgeri,
1367 1074 1427 1097 nec
1454 1064 1638 1097 facultatem
1663 1075 1680 1097 a
1705 1065 1898 1108 provinciali

1164 1108 1366 1158 quacumque
1387 1116 1512 1149 ratione
1535 1117 1685 1150 obtinere
1706 1118 1816 1158 valeat,
1834 1118 1898 1151 nisi

1164 1169 1311 1202 consulta
1334 1169 1423 1212 prius
1448 1171 1536 1202 sacra
1564 1170 1822 1213 Congregatione
1848 1181 1898 1204 re-

1165 1222 1337 1263 gularium,
1354 1228 1472 1255 etcum
1494 1222 1580 1256 illius
1607 1225 1760 1266 expressa
1784 1234 1900 1267 appro-
2249 1243 2254 1280 β

1165 1274 1312 1313 batione,
1337 1274 1397 1307 sub
1425 1277 1531 1318 poena
1556 1277 1900 1310 excommunicationis

1165 1337 1200 1358 ac
1223 1327 1412 1369 privationis
1439 1327 1524 1360 vocis
1550 1329 1670 1361 activae
1697 1335 1729 1361 et
1752 1330 1897 1372 passivae

1165 1389 1224 1412 nec
1256 1390 1320 1412 non
1355 1379 1535 1412 officiorum
1569 1386 1600 1413 et
1631 1381 1837 1423 dignitatum,
1863 1393 1898 1415 ac

1166 1438 1341 1475 perpetuae
1375 1432 1590 1465 inhabilitatis
1621 1433 1659 1466 ad
1693 1433 1769 1474 illa,
1797 1435 1897 1468 aliave

1166 1484 1197 1516 in
1222 1490 1388 1527 posterum
1423 1485 1622 1526 obtinenda;
1656 1485 1688 1518 in
1715 1497 1778 1529 quo
1803 1487 1898 1519 etiam

1167 1542 1292 1569 taxatur
1315 1542 1456 1580 potestas
1480 1538 1623 1581 magistri
1650 1539 1820 1581 generalis,
1839 1541 1898 1572 sub

1166 1589 1286 1622 eisdem
1312 1589 1438 1633 poenis.

1208 1652 1251 1675 vl.
1278 1641 1365 1680 Quod
1391 1642 1416 1674 si
1441 1642 1540 1676 frater
1564 1643 1680 1686 aliquis
1704 1644 1807 1677 laicus
1826 1644 1900 1678 abs-

1165 1705 1226 1738 que
1253 1694 1430 1738 praedictis
1456 1694 1587 1728 licentia
1611 1701 1643 1728 et
1663 1696 1898 1740 approbatione

1165 1747 1264 1780 sacris
1301 1747 1471 1780 ordinibus
1508 1748 1626 1781 initiari
1662 1759 1757 1782 ausus
1792 1749 1899 1789 suerit,

1165 1800 1335 1832 confestim
1371 1800 1544 1833 damnetur
1579 1802 1618 1834 ad
1656 1801 1804 1835 triremes
1841 1813 1900 1845 per

1165 1852 1366 1893 sexennium,
1393 1864 1527 1896 quarum
1553 1864 1693 1896 poenam
1717 1855 1764 1887 sic
1787 1865 1898 1888 severe

1166 1905 1349 1948 infligimus,
1367 1912 1401 1938 ut
1422 1907 1582 1949 praelatos
1604 1917 1725 1948 omnes,
1744 1918 1815 1940 eam
1832 1918 1899 1941 non

1166 1964 1371 2002 exequentes,
1398 1969 1415 1992 a
1445 1959 1562 1993 divinis
1594 1960 1627 1992 in
1659 1966 1800 2004 utroque
1829 1961 1900 1994 foro

1167 2012 1415 2055 suspendamus.

1209 2075 1230 2097 1.
1250 2064 1326 2098 Cum
1339 2065 1487 2099 omnibus
1504 2066 1673 2110 utriusque
1691 2077 1785 2100 sexus
1798 2067 1898 2101 Deum

1167 2118 1198 2150 in
1223 2118 1342 2152 Ordine
1373 2122 1484 2152 nostro
1517 2120 1701 2153 colentibus
1733 2121 1899 2154 debitores

1167 2170 1272 2211 simus,
1290 2171 1445 2204 nonnulla
1464 2172 1657 2206 monialibus
1681 2173 1800 2206 nostris
1822 2183 1899 2206 con-

1168 2223 1249 2256 ferre
1281 2228 1400 2256 statuta
1436 2224 1652 2266 decrevimus,
1688 2230 1724 2257 ut
1759 2226 1799 2258 de
1834 2226 1899 2259 illis

1168 2276 1263 2308 etiam
1289 2281 1443 2319 quantum
1468 2287 1638 2321 possumus
1660 2278 1896 2322 provideamus;

1168 2340 1221 2362 eas
1246 2329 1343 2372 igitur
1367 2340 1490 2370 omnes,
1522 2341 1604 2373 quae
1629 2332 1764 2377 subsunt
1788 2337 1898 2365 nostro

1167 2382 1287 2422 Ordini‚
1305 2382 1406 2426 ipsius
1426 2382 1581 2426 magistro
1605 2383 1749 2426 generali
1775 2389 1805 2416 et
1825 2395 1912 2427 pro-v

1167 2434 1295 2468 vinciali
1321 2435 1520 2475 subiicimus,
1546 2435 1662 2478 quibus
1687 2435 1727 2468 sit
1751 2447 1838 2476 cura,
1863 2442 1899 2470 ut

1167 2486 1240 2520 illae
1266 2488 1413 2530 regulam
1445 2487 1545 2520 sancti
1576 2488 1675 2531 patris
1708 2489 1809 2521 nostri
1838 2490 1898 2522 Au-

1204 2550 1215 2576 1
1239 2548 1308 2576 Edit.
1330 2550 1409 2576 Main.
1432 2549 1513 2576 habet
1533 2558 1605 2584 quae
1624 2557 1661 2585 tn.
1678 2552 1727 2581 T.).

1943 2076 2011 2096 cnm
2026 2077 2059 2097 ΙΧ.

1909 2101 1939 2123 De
1957 2104 2090 2124 moui-atibus.
