2254 3225
236 238 283 263 An.
301 235 328 262 C.
353 236 416 263 totu

466 225 529 255 Oct),

466 242 484 259 ·)
1006 227 1183 253 bt‘tJAhtt'lt
1211 226 1361 249 tticitttxttt

429 287 554 316 struant
578 287 609 315 ct
633 280 802 325 perficiant
826 287 927 322 usque
960 278 999 311 ad
1025 276 1162 310 desiniti-

430 347 499 369 vam
524 335 726 373 sententiam,
749 333 832 366 iuxta
856 333 990 364 sormam
1011 328 1164 372 regulari·

430 391 490 422 bus
516 388 769 432 praescriptam,
796 385 904 417 linitos
923 389 1041 422 autem,
1059 386 1163 415 custo·

433 442 493 475 diri
518 447 549 474 et
575 440 695 473 servari
730 439 920 482 provideant
955 437 986 469 in
1022 435 1165 468 archivio

433 494 593 528 communi
619 492 794 525 cuiuslibet
810 490 993 534 provinciae
1010 498 1109 531 usque
1128 486 1166 518 ad

434 548 556 581 obitum
583 543 813 587 delinquentis.
839 543 929 580 Quod
953 551 1017 574 non
1042 544 1166 573 tantum

434 611 472 633 eo
490 599 551 631 tine
578 597 772 630 instituimus
801 601 835 628 ut
851 595 1018 638 praedicta
1035 592 1168 626 crimina

435 653 497 685 rite
523 657 555 684 et
586 655 673 683 recte
698 648 875 682 secundum
900 647 971 679 iura
994 645 1169 689 puniantur

436 706 475 738 de
501 705 596 743 sacto,
623 703 678 736 sed
704 701 799 735 etiam
819 706 854 732 ut
878 705 953 743 post
978 708 1088 731 eorum
1114 707 1170 740 pu-

436 758 605 794 nitionem,
626 757 651 788 si
666 754 837 797 castigatus
851 763 934 786 nova
952 752 1085 785 erimina
1098 749 1172 783 adii-

438 811 510 850 ciat,
530 811 579 842 vel
598 809 629 841 in
647 809 709 841 iam
733 811 877 840 correcta
902 805 1078 843 relabatur,
1098 813 1172 836 con-

439 869 521 895 stare
555 866 665 905 posset
690 861 728 893 de
754 859 839 892 illius
865 856 1170 899 incorrigibilitate,

440 916 466 948 si
493 915 626 948 ulterius
657 912 900 956 procedendum
932 910 972 942 sit
1001 909 1040 942 ad
1065 908 1175 950 expul-

441 967 585 1006 sionem,
609 967 658 998 vel
691 975 730 997 an
762 963 887 1006 gravius
920 961 1113 1005 plectendus
1138 971 1174 993 ex

441 1020 610 1054 occasione
645 1018 821 1060 relapsns;
848 1020 921 1058 post
951 1014 1074 1047 obitum
1100 1023 1176 1045 vero

443 1071 660 1114 delinquentis
679 1079 792 1103 ornnes
810 1067 885 1101 dicti
905 1076 1079 1111 processus
1096 1075 1179 1098 corn-

442 1127 613 1158 burantur.

488 1187 530 1210 lx.
558 1175 714 1213 Quocirca
737 1174 895 1213 volumus,
912 1176 946 1203 ut
969 1180 1028 1203 nec
1051 1169 1180 1213 provin-

445 1229 549 1268 cialis,
568 1238 627 1260 nec
651 1226 806 1269 magister
822 1224 951 1258 Ordinis
970 1224 1049 1256 tales
1073 1221 1181 1255 crimi-

447 1292 543 1315 nosos
568 1280 691 1324 possint
717 1290 735 1311 a
760 1278 877 1311 delicto
910 1277 1100 1315 absolvere,
1126 1285 1178 1307 θο-

448 1345 559 1367 rumve
584 1342 751 1376 processus
778 1338 809 1363 et
834 1340 944 1363 causas
969 1328 1179 1371 suspendere,

449 1388 506 1421 sed
532 1388 601 1419 illas
627 1386 665 1418 ad
692 1383 890 1417 definitivam
924 1392 1026 1424 usque
1053 1385 1182 1413 senten-

450 1441 526 1472 tiam
551 1439 669 1471 ducere
691 1442 722 1469 et
746 1435 818 1468 duci
842 1435 948 1467 facere
979 1434 1039 1465 rite
1074 1437 1104 1464 et
1131 1432 1184 1464 de-

450 1492 515 1524 bite
542 1489 781 1523 concludendas
818 1488 857 1520 ad
895 1486 1054 1529 praefatos
1079 1484 1181 1524 fines,

451 1551 725 1588 proccssuumque
750 1540 942 1574 custodiam.
969 1538 1058 1576 Quod
1083 1538 1109 1570 si
1131 1547 1184 1580 ge-

453 1597 571 1630 neralis
590 1597 638 1628 vel
660 1593 866 1638 provincialis
891 1593 965 1624 hnic
989 1590 1185 1625 ordinationi

452 1661 517 1683 non
542 1654 686 1692 pareant,
707 1647 738 1679 in
756 1646 901 1689 proxime
926 1644 1076 1688 sequenti
1101 1642 1186 1686 capi-

454 1704 519 1735 tulo
545 1701 760 1743 corrigantur.

495 1766 524 1788 x.
553 1754 610 1791 Qui
635 1753 722 1785 iuxta
747 1751 943 1794 regularium
978 1750 1111 1783 sormam
1140 1748 1186 1780 itt-

453 1808 552 1840 ridice
571 1805 690 1838 suerint
708 1804 847 1837 convicti
865 1804 903 1836 de
923 1803 1039 1846 triplici
1057 1806 1187 1845 aposta-

454 1862 508 1899 sia,
534 1860 584 1892 vel
610 1859 704 1900 suga,
723 1867 794 1889 cum
816 1857 877 1888 iam
903 1856 935 1888 in
960 1855 1064 1898 prima
1090 1860 1119 1887 et
1138 1866 1187 1887 se-

453 1913 558 1946 cunda
583 1909 779 1954 processerit
799 1909 908 1941 debita
925 1908 1097 1947 eorrectio,
1114 1918 1189 1940 con-

454 1965 559 1998 festim
584 1973 644 2006 pro
658 1962 751 1995 tertia
765 1962 839 2004 suga
855 1962 906 1994 vel
920 1961 1077 2004 apostasia
1099 1961 1188 1994 trire-

454 2018 550 2051 mium
564 2015 753 2048 sententiam
770 2014 906 2047 subeant
919 2024 979 2057 per
993 2019 1056 2047 tres
1072 2023 1186 2047 annos

497 2080 541 2103 xt.
569 2067 733 2101 Fratribus
768 2072 875 2100 autem
910 2067 1127 2109 praecipimus
1154 2072 1189 2099 ut

456 2134 529 2158 cum
554 2121 708 2165 apostatis
734 2126 766 2153 et
790 2120 952 2162 fugitivis,
978 2121 1052 2153 dum
1077 2121 1109 2152 in
1134 2119 1188 2153 do-

456 2177 559 2209 mibus
584 2174 702 2208 nostris
719 2174 896 2217 poenitent,
915 2173 1036 2205 nullam
1057 2172 1189 2205 familia-

456 2229 581 2261 ritatem
606 2227 787 2259 instituant.

498 2291 554 2314 ΧΠ.
578 2280 718 2313 Tandem
744 2279 797 2320 qui
822 2278 922 2310 semel
947 2277 1186 2320 apostataverit,

458 2335 496 2368 de
514 2338 623 2366 cetero
642 2332 681 2365 ad
702 2331 825 2364 nullum
847 2329 987 2362 officium
1012 2331 1062 2363 vel
1088 2331 1189 2363 admi-

457 2386 684 2420 nistrationem
711 2383 920 2425 temporalem
952 2388 1004 2414 aut
1040 2382 1190 2424 spiritua--

458 2441 523 2473 lem
551 2437 760 2475 admittatur,
780 2435 841 2468 nisi
866 2445 927 2478 per
957 2435 1189 2477 provincialem

460 2498 513 2525 aut
530 2491 720 2534 magistrum
737 2494 810 2532 post
835 2493 972 2531 quatuor
989 2498 1090 2520 annos
1108 2499 1123 2520 a
1141 2498 1191 2521 re-

461 2554 572 2588 gressu
605 2544 644 2576 ad
674 2542 826 2576 Ordinem
852 2551 924 2574 curn
949 2550 987 2573 eo
1014 2540 1107 2573 suerit
1128 2540 1191 2573 dis-

462 2601 644 2642 pensatum.

1940 219 1992 245 An.
2009 218 2037 245 (ἶ.
2060 219 2120 245 tent

1249 284 1269 307 1.
1298 273 1336 305 Ut
1356 270 1563 314 proprietatis
1588 269 1753 312 iniquitas,
1782 280 1862 313 quae
1888 275 1937 303 cst
1973 287 2041 308 sm
2058 286 2099 307 vn.

1206 326 1349 359 omnium
1367 324 1524 357 malorum
1542 323 1630 356 radix
1652 330 1683 355 et
1699 324 1801 366 origo,
1821 334 1856 355 ex
1876 315 2128 367 st·a-,.,0}.'f‘}„.2{.'‚'‚'¹⁰⁶

1207 384 1290 411 trum
1315 377 1465 410 cordibus
1490 376 1654 414 deleatur,
1680 382 1711 409 et
1739 377 1819 409 haec
1843 387 1938 409 evan-

1208 432 1310 474 gelica
1334 431 1506 464 dilectione
1531 430 1730 472 paupertatis
1754 430 1934 471 incaleant‚

1209 482 1529 517 commendatoribus
1553 482 1721 522 universis,
1748 484 1808 515 suh
1833 487 1939 527 poena

1209 536 1398 580 privationis
1432 535 1527 568 officii
1553 545 1612 578 per
1637 545 1692 568 sex
1717 546 1859 576 menses,
1877 542 1940 569 sta-

1212 589 1339 628 tuimus,
1359 594 1401 628 ut,
1421 588 1472 621 die
1499 588 1560 621 iam
1586 588 1733 631 superius
1751 588 1783 621 in
1809 589 1870 622 hac
1886 599 1943 622 no-

1211 643 1274 674 stra
1298 640 1530 675 constitutione
1555 640 1696 683 praefixo
1728 642 1767 674 ad
1798 641 1946 675 inventa-

1214 695 1294 727 rium
1313 695 1351 728 de
1377 694 1541 727 concessis
1567 695 1605 727 ad
1623 705 1715 727 usum
1733 696 1876 737 praelato
1895 705 1946 728 re-

1213 747 1418 789 signandum,
1444 753 1641 790 congregato
1659 747 1812 790 capitulo,
1830 748 1946 780 fratres

1216 809 1288 832 suos
1323 799 1361 832 de
1399 799 1542 841 perfecta
1577 810 1683 832 rernm
1720 800 1946 842 temporalium

1217 852 1421 885 abdicatione
1447 852 1610 885 ferventer
1635 853 1845 892 admoneant,
1868 853 1949 886 illis-

1218 915 1278 947 que
1303 905 1425 947 pariter
1449 905 1597 947 infligant
1621 906 1669 938 vel
1692 905 1885 938 denuntient
1902 916 1950 938 ex-

1218 957 1517 990 communicationis
1541 958 1736 990 sententiam
1761 958 1830 991 iure
1855 958 1950 991 liuius

1220 1013 1348 1041 nostrae
1373 1009 1616 1041 constitutionis
1638 1010 1759 1042 illatam
1776 1037 1783 1049 ‚
1806 1010 1951 1053 aliasque

1221 1061 1259 1093 de
1284 1063 1353 1094 iure
1385 1072 1508 1104 poenas
1535 1062 1687 1094 adversus
1718 1063 1801 1095 hanc
1826 1073 1954 1095 execra-

1220 1112 1317 1145 bilem
1355 1113 1562 1156 proprietatis
1594 1114 1748 1146 malitiam
1777 1119 1808 1147 et
1846 1115 1954 1147 cordis

1222 1165 1430 1208 cupiditatem
1463 1166 1627 1206 incussas,
1654 1178 1750 1210 quam
1776 1167 1898 1200 eisdem
1924 1173 1956 1201 et

1223 1227 1294 1250 esse
1320 1217 1523 1260 sacrilegium
1549 1224 1581 1251 et
1608 1229 1716 1252 veram
1748 1219 1823 1252 furti
1856 1220 1953 1253 foedi-

1225 1274 1321 1302 tatem
1342 1270 1510 1304 includere
1530 1271 1709 1314 prudenter
1726 1278 1899 1316 exponant.

1269 1332 1301 1355 11.
1316 1322 1347 1355 Si
1368 1323 1438 1366 quis
1453 1329 1558 1357 autem
1576 1325 1615 1357 de
1631 1325 1832 1368 proprietate
1853 1326 1959 1359 convi-

1225 1380 1294 1408 ctus
1311 1376 1418 1415 fuerit,
1436 1382 1566 1419 praeter
1582 1378 1737 1420 gravioris
1755 1380 1868 1421 culpae
1886 1389 1958 1422 poe-

1226 1439 1282 1461 nas
1308 1435 1339 1462 ct
1364 1431 1704 1464 excommunicationis
1729 1432 1861 1464 maioris
1890 1443 1959 1464 sen-

1228 1483 1360 1515 tentiam
1383 1482 1487 1516 illius¹
1509 1484 1658 1527 superius
1683 1484 1849 1527 impositas
1874 1485 1960 1517 iuxta

1227 1535 1357 1568 decreta
1392 1535 1526 1569 Concilii
1562 1536 1764 1575 Tridentini,
1796 1547 1869 1570 eum
1901 1547 1960 1581 per

1227 1587 1393 1621 biennium
1416 1598 1493 1621 voce
1526 1589 1626 1621 activa
1654 1594 1687 1621 et
1710 1589 1833 1632 passiva
1856 1589 1961 1632 priva-

1228 1646 1297 1673 tum
1321 1641 1537 1674 declaramus:
1555 1641 1711 1684 pecunias
1732 1652 1810 1675 vero
1827 1647 1881 1675 aut
1898 1642 1960 1675 alia

1229 1704 1450 1737 quaecumque
1466 1694 1552 1726 bona
1570 1694 1665 1733 illius,
1683 1694 1739 1737 qui
1756 1695 1796 1728 de
1812 1695 1961 1738 proprie-

1231 1747 1303 1780 tatis
1327 1746 1462 1779 crimine
1486 1746 1650 1779 convictus
1675 1747 1781 1787 suerit,
1800 1758 1962 1780 commen-

1230 1801 1323 1833 dator
1348 1799 1601 1843 apprehendat,
1627 1799 1798 1844 statimque
1834 1806 1963 1833 moneat

1230 1853 1418 1896 magistrum
1439 1855 1470 1886 et
1493 1852 1747 1894 provincialem,
1770 1857 1806 1885 ut
1833 1853 1872 1886 de
1897 1853 1961 1887 illis

1229 1906 1408 1949 prudenter
1432 1911 1465 1938 et
1484 1915 1555 1938 cum
1572 1905 1736 1948 aequitate
1763 1904 1961 1949 provideant,

1230 1965 1350 1993 attento
1374 1959 1443 1992 iure
1468 1958 1582 1991 domus
1600 1959 1649 1990 vel
1666 1957 1898 2001 cuiuscumque
1919 1960 1964 1992 al-

1231 2012 1343 2051 terius,
1360 2011 1399 2044 ad
1417 2021 1512 2054 quem
1537 2020 1572 2043 ex
1598 2020 1703 2053 aequo
1726 2011 1924 2053 pertineant.

1274 2075 1322 2099 111.
1355 2065 1466 2097 Frater
1498 2063 1633 2105 insuper
1664 2062 1718 2106 qui
1757 2073 1818 2106 per
1849 2074 1882 2096 se
1913 2065 1963 2097 vel

1231 2118 1327 2150 alium
1347 2121 1560 2150 mercaturam
1582 2120 1634 2147 aut
1661 2125 1792 2148 usuram
1817 2116 1962 2155 instituit,

1230 2181 1287 2203 seu
1313 2170 1410 2213 etiam
1435 2168 1489 2201 ille
1508 2168 1562 2211 qui
1579 2167 1665 2201 bona
1693 2173 1726 2200 et
1749 2178 1800 2201 res
1825 2178 1965 2201 conven-

1232 2229 1281 2255 tus
1299 2229 1352 2255 aut
1368 2221 1496 2255 Ordinis
1521 2220 1635 2253 furtive
1664 2225 1696 2253 et
1719 2221 1966 2263 quomodolibet

1230 2276 1348 2308 iniuste
1373 2273 1577 2312 alienaverit,
1604 2278 1765 2315 tamquam
1788 2283 1863 2306 vere
1888 2284 1966 2317 pro—

1231 2327 1419 2371 prietarium
1452 2325 1615 2368 praesenti
1646 2325 1880 2359 constitutione
1912 2327 1966 2360 de-

1231 2383 1412 2419 claramus,
1438 2384 1470 2411 et
1501 2378 1617 2421 poenis
1653 2378 1798 2412 eiusdem
1823 2379 1967 2412 criminis

1232 2433 1433 2466 subiicimus.

1276 2496 1318 2519 iv.
1331 2485 1388 2524 Qui
1402 2493 1507 2518 antem
1522 2484 1755 2527 proprietarius
1769 2484 1871 2528 (quod
1885 2484 1966 2518 Deus

1234 2540 1352 2581 arceat)
1371 2548 1387 2571 e
1405 2538 1465 2570 vita
1486 2537 1674 2578 decesserit,
1693 2542 1853 2581 tamquam
1870 2537 1966 2571 Iudae

1272 2602 1282 2627 1
1305 2600 1353 2628 Vel
1372 2600 1432 2628 illis
1454 2599 1494 2627 vel
1515 2600 1559 2627 illi
1578 2598 1724 2634 tegendum
1743 2602 1784 2634 (n.
1799 2599 1850 2634 τ.).
