2227 3225
117 240 159 266 Ru.
174 240 202 265 ti.
228 238 294 265 ttJOtl

143 1942 265 1965 clausulae.

872 234 1080 258 lNNOCENTlL‘S

302 286 424 319 firmius
449 285 624 318 subsistant
642 289 673 316 et
694 288 861 315 serventur
879 281 1032 320 exactius,

301 338 500 382 apostolicae
535 347 663 379 quoque
701 334 956 368 confirmationis
981 344 1036 366 no-

301 398 387 425 strae
421 389 600 433 patrocinio
637 388 827 422 communiri
861 386 1035 430 plurimum

303 444 488 477 desideret:
518 453 598 482 nos,
624 442 726 485 ipsius
760 440 888 473 Ioannis
917 439 1035 483 prioris
1057 471 1059 490 ,X

303 497 466 540 generalis
494 496 575 529 votis
601 496 632 528 in
659 494 860 538 1'n’aemissis,
880 498 1035 536 quantum

303 561 375 584 cum
393 549 526 583 Domino
547 559 726 592 possumus,
746 540 964 581 favorabiliter
982 557 1037 579 an-

303 613 403 636 nuere
429 603 586 641 volentes,
603 612 743 644 eumque
761 612 777 633 a
795 600 962 644 quibusvis
987 610 1038 632 ex·
1057 594 1058 610 ³

303 656 620 695 communicationis,
638 654 861 698 suspensionis
885 660 915 686 ct
939 654 1038 686 inter·
1057 649 1058 686 ἶ

304 709 401 748 dicti,
428 709 563 751 aliisque
589 707 820 741 ecclesiasticis
849 702 1059 746 senteutist

304 762 450 795 censuris
477 767 505 794 et
523 761 648 804 poenis,
667 761 771 810 adure
797 761 846 793 vel
872 761 910 793 ab
937 759 1038 792 botni-

303 826 355 856 ne,
381 815 492 858 quavis
516 815 686 847 occasione
712 814 760 846 vel
790 815 885 846 causa
905 813 990 852 latis,
1012 812 1037 844 si

304 869 420 912 quibus
441 867 689 911 quomodolibet
718 867 891 900 innodatus
918 865 1036 905 existit,

304 921 342 955 ad
368 921 516 954 effectum
541 920 761 964 praesentium
787 920 948 952 dumtaxat
964 929 1039 951 con-

303 974 517 1018 sequendum,
538 974 651 1006 barum
678 973 761 1006 serie
779 973 982 1006 absolventes
1008 976 1040 1004 et

303 1028 491 1061 absolutum
518 1026 586 1059 sore
611 1033 800 1066 censentes,
828 1025 1040 1069 supplicatio-

304 1080 400 1113 nibus
425 1079 494 1113 eius
520 1079 652 1112 nomine
673 1078 768 1112 nobis
787 1089 883 1122 super
902 1079 963 1112 boc
981 1078 1041 1110 liu-

305 1132 428 1166 militer
455 1132 617 1176 porrectis
654 1132 819 1172 inclinati,
846 1132 885 1164 de
910 1141 1040 1164 venera-

305 1186 421 1220 bilium
439 1186 572 1218 fratrum
597 1191 782 1218 nostrorum
800 1184 830 1218 S.
854 1185 889 1218 R.
911 1185 944 1217 E.
973 1195 1040 1217 car-

307 1238 464 1272 dinalium
503 1238 643 1281 negotiis
681 1244 712 1271 et
747 1237 1040 1271 consultationibus

307 1292 536 1336 episcoporum
562 1297 593 1325 et
618 1292 816 1335 regularium
842 1292 1042 1335 praeposito-

306 1356 378 1378 rum
404 1345 554 1385 consilio,
572 1345 679 1378 omnia
705 1350 736 1378 et
760 1345 888 1387 singula
913 1345 1041 1377 decreta
1061 1373 1062 1385 ,

306 1398 508 1442 praeinserta
534 1398 572 1430 ab
597 1398 668 1440 ipso
694 1397 813 1430 Ioanne
847 1397 954 1440 priore
981 1408 1038 1439 ge—

306 1452 409 1485 nerali
435 1452 538 1491 edita,
564 1457 597 1484 ut
626 1452 826 1494 praefertur,
852 1451 1064 1483 auctoritate'

305 1505 493 1548 apostolica,
524 1510 636 1537 tenore
668 1505 902 1547 praesentium,
929 1501 1065 1546 perpe-f>

308 1563 362 1590 tuo
381 1557 611 1590 confirmamus
625 1563 654 1591 et
669 1557 898 1600 approbamus,
912 1557 1042 1599 illisque
1064 1575 1065 1578 =

305 1611 508 1648 inviolabilis
531 1611 733 1654 apostolicae
759 1611 921 1643 firmitatis
945 1610 1044 1642 robur

306 1663 483 1704 adiicimus,
503 1674 538 1696 ac
563 1673 675 1696 omnes
698 1668 729 1696 et
753 1663 898 1706 singulos
919 1663 996 1695 iuris
1015 1668 1046 1696 et

307 1719 382 1752 sacti
415 1718 578 1757 desectus,
605 1717 629 1750 si
661 1717 716 1760 qui
743 1718 884 1760 desuper
910 1727 1045 1760 quomo-

308 1771 433 1804 dolibet
455 1770 714 1810 intervenerint,
728 1772 932 1814 supplemus,
960 1771 1046 1803 salva

312 1829 418 1857 tamen
436 1833 566 1865 semper
586 1823 617 1854 in
644 1823 831 1865 praemissis
855 1824 1045 1856 auctoritate

312 1874 580 1919 Congregationis
601 1875 790 1908 eorumdem
819 1876 1043 1908 cardinalium.

354 1930 368 1974 ἓ
393 1929 424 1963 3.
451 1929 683 1969 Decernentes‚
703 1929 833 1962 easdem
860 1922 1069 1972 praesentes*

310 1984 438 2018 litteras
473 1993 509 2016 ac
535 1983 666 2016 decreta
699 1983 885 2016 huiusmodi
919 1993 1047 2026 semper

311 2037 410 2077 firma,
429 2036 532 2070 valida
551 2041 582 2069 et
600 2036 740 2070 efficacia
759 2036 896 2069 existere
916 2041 945 2069 et
970 2037 1047 2077 sore,

310 2100 451 2133 suosque
479 2089 649 2133 plenarios
686 2096 718 2122 et
748 2090 891 2131 integros
918 2089 1047 2123 effectus

310 2142 420 2176 sortiri
453 2147 485 2175 et
510 2142 682 2181 obtinere,
711 2152 746 2175 ac
773 2142 836 2175 illis
853 2169 862 2182 ‚
895 2143 933 2175 ad
968 2153 1049 2185 quos

310 2202 435 2239 spectat
460 2200 492 2229 et
516 2205 576 2238 pro
604 2200 751 2238 tempore
778 2196 1047 2239 quant‘locumque

310 2249 496 2293 spectabit,
521 2248 752 2282 inviolabiliter
790 2255 821 2282 et
858 2250 1048 2282 inconcusse

311 2302 490 2344 observari,
504 2302 615 2345 sicque
631 2303 663 2335 in
678 2302 865 2345 praemissis
884 2313 941 2345 per
955 2314 1049 2346 quos-

311 2367 448 2399 cumque
468 2356 593 2389 iudices
619 2357 802 2390 ordinarios
822 2362 853 2388 et
871 2356 1047 2398 delegatos,

311 2410 407 2443 etiam
431 2420 601 2443 causarum
631 2409 741 2453 palatii
767 2409 938 2452 apostolici
964 2410 1049 2442 audi-

313 2469 422 2502 toreS,
451 2462 585 2501 iudicari
618 2468 649 2496 et
679 2462 807 2496 deliniri
845 2462 985 2502 debere,
1013 2474 1049 2496 ac

312 2516 441 2549 irritum
465 2521 497 2549 et
520 2515 637 2556 inane,
664 2516 690 2548 si
715 2526 806 2549 secus
831 2526 930 2558 super
957 2516 1006 2548 liis
1032 2528 1049 2549 a

313 2579 494 2612 quoquam,
523 2568 632 2612 quavis
668 2569 881 2608 auctoritate,
909 2569 1049 2602 scienter

313 2622 362 2656 vel
388 2621 585 2664 ignoranter,
613 2622 784 2666 contigerit
812 2622 976 2654 attentari.

1107 234 1149 257 xu
1174 234 1220 257 rr.
1703 222 1765 255 743
1815 231 1861 256 An.
1883 229 1910 255 (¹.v
1937 229 2001 254 iren

1121 281 1135 323 ἓ
1159 280 1190 313 lt.
1217 279 1285 312 Non
1306 279 1510 312 obstantibus
1526 279 1811 312 constitutionibus
1848 293 2002 321 ‹maurannus-s

1077 339 1109 365 et
1132 332 1395 366 ordinationibus
1425 331 1630 374 apostolicis,
1657 337 1709 371 ct,
1734 321 1941 373 qua-‘'⁶⁶⁰'‘“uffl

1079 391 1171 418 tenus
1195 395 1277 429 opus
1308 385 1368 424 sit,
1402 384 1590 428 provinciae
1622 389 1654 416 et
1683 383 1812 416 Ordinis

1078 439 1314 482 praelatorum,
1342 438 1438 471 etiam
1472 437 1664 475 iuramento,
1696 436 1814 469 confir-

1079 492 1220 525 matione
1246 491 1431 535 apostolica,
1456 491 1504 523 vel
1526 490 1638 533 quavis
1663 489 1814 522 firmitate

1079 546 1139 579 alia
1164 545 1334 585 roboratis,
1360 544 1487 577 statutis
1513 549 1545 577 et
1569 542 1816 576 consuetudini-

1079 601 1155 639 bus,
1182 598 1360 642 privilegiis
1385 608 1527 641 quoque,
1553 596 1687 629 indultis
1713 601 1744 629 et
1765 595 1816 628 lit-

1080 653 1156 686 teris
1193 651 1382 695 apostolicis
1419 650 1450 683 in
1487 649 1685 683 contrarium
1721 659 1816 693 prae-

1079 706 1252 738 missorum
1277 703 1528 747 quomodolibet
1551 702 1724 742 concessis,
1744 712 1818 735 con-

1079 758 1210 791 firmatis
1243 764 1273 791 et
1308 757 1488 796 innovatis3
1516 756 1633 800 quibus
1667 755 1816 789 omnibus

1079 818 1110 845 et
1129 812 1273 854 singulis,
1293 811 1423 844 illorum
1443 815 1571 843 tenores
1588 809 1817 853 praesentibus

1080 876 1139 909 pro
1172 866 1268 908 plene
1302 869 1334 897 et
1364 863 1561 896 sufficienter
1593 863 1756 906 expressis
1783 873 1818 896 ac

1081 920 1120 952 tle
1144 918 1242 952 verbo
1268 918 1306 951 ad
1332 917 1465 950 verbum
1491 916 1622 950 insertis
1646 916 1816 956 habentes,

1081 973 1145 1006 illis
1167 972 1245 1006 alias
1263 971 1294 1004 iu
1316 982 1373 1005 suo
1391 971 1508 1004 robore
1526 969 1759 1014 permansuris,
1779 970 1818 1002 ad

1081 1025 1335 1070 praemissorum
1361 1023 1520 1064 effectum,
1546 1023 1607 1056 hac
1631 1023 1701 1056 viee
1727 1023 1819 1056 dum-

1084 1086 1176 1119 taxat,
1193 1078 1381 1123 specialiter
1397 1083 1428 1111 et
1442 1087 1594 1121 expresse
1610 1077 1818 1118 derogamus,

1082 1133 1266 1176 ceterisque
1292 1131 1465 1164 contrariis
1491 1131 1763 1173 quibuscumque.

1126 1187 1139 1230 ἓ
1175 1186 1205 1219 5.
1244 1185 1398 1218 volumus
1430 1189 1536 1216 autern
1567 1188 1602 1216 ut
1634 1183 1819 1216 earumdem

1082 1238 1306 1283 praesentium
1321 1238 1502 1271 litterarum
1525 1235 1745 1279 transumptis,
1763 1246 1821 1268 seu

1083 1292 1250 1334 exemplis,
1275 1291 1371 1324 etiatn
1397 1289 1580 1333 impressis,
1599 1299 1695 1322 mauu
1720 1289 1820 1322 alicu-

1082 1346 1130 1378 ius
1155 1344 1273 1377 notarii
1299 1343 1421 1386 publici
1447 1342 1652 1385 subscriptis,
1668 1347 1699 1375 et
1715 1341 1821 1384 sigillo

1083 1408 1244 1442 personae
1271 1397 1302 1429 in
1329 1396 1553 1429 ecclesiastiea
1572 1395 1729 1438 dignitate
1746 1405 1823 1427 con-

1084 1452 1215 1483 stitutae
1240 1449 1373 1482 munitis
1390 1477 1397 1490 ,
1425 1448 1537 1481 eadem
1571 1457 1705 1491 prorsus
1741 1447 1821 1481 sides

1085 1511 1148 1537 tam
1181 1505 1214 1536 in
1250 1503 1370 1536 iudicio
1397 1512 1493 1545 quam
1519 1506 1609 1535 extra
1642 1501 1722 1534 illud
1755 1500 1824 1533 ubi-

1086 1568 1146 1601 que
1168 1558 1312 1590 locorum
1336 1555 1510 1595 habeatur,
1538 1564 1621 1598 quae
1645 1554 1824 1587 haberetur

1871 1194 1931 1215 Fitlsss
1958 1196 2013 1215 imn-

1830 1224 1966 1248 sumpturum.

1064 1636 1066 1650 ,
1085 1610 1163 1652 ipsis
1181 1608 1409 1652 praesentibus
1427 1607 1451 1640 si
1470 1607 1578 1640 forent
1592 1606 1757 1640 exhibitae
1774 1607 1824 1640 vel

1086 1667 1248 1696 ostensae.

1130 1716 1244 1748 Datum
1271 1715 1411 1754 Romae,
1438 1714 1522 1757 apud
1548 1713 1579 1746 S.
1607 1712 1738 1746 Mariam
1764 1711 1826 1744 Ma-

1087 1769 1215 1809 iorem,
1243 1768 1300 1800 sub
1338 1768 1460 1801 annulo
1497 1765 1692 1805 piscatoris,
1719 1764 1771 1798 die
1795 1775 1825 1798 xt

1088 1821 1239 1855 februarii
1277 1830 1439 1860 numeri,
1475 1818 1683 1863 pontificatus
1723 1817 1827 1852 nostri

1089 1884 1173 1907 anno
1201 1884 1229 1906 v.

1124 1935 1183 1962 Dat.
1201 1935 1244 1961 die
1264 1936 1288 1961 ll
1314 1933 1446 1961 februarii
1465 1933 1543 1967 1696,
1563 1932 1659 1968 pontif.
1678 1939 1749 1960 anno
1765 1937 1790 1959 v.

1401 2059 1514 2092 CXXV.

1093 2140 1307 2183 Confirmatio·
1348 2139 1509 2171 ‹Iccretum
1560 2135 1828 2180 Conqreyatz'om's

1135 2194 1353 2236 episcopcrum
1382 2197 1409 2225 cl
1436 2192 1637 2235 tepidarium
1660 2201 1757 2234 super
1780 2191 1828 2233 [ιί-

1136 2247 1229 2278 milia
1264 2246 1405 2278 toruobii
1435 2244 1662 2278 illontissancti
1695 2244 1826 2278 Carme-

1137 2300 1271 2332 Ιῖιιινιιηι
1296 2298 1332 2331 tle
1361 2299 1442 2332 L'rbc
1467 2302 1494 2332 ec
1521 2297 1639 2331 labella
1656 2306 1830 2330 munerum

1138 2352 1404 2386 versicutaiomun
1419 2351 1437 2384 ¹.

1131 2441 1190 2477 t⁴lu
1206 2449 1284 2477 huius
1304 2449 1445 2477 pontificis
1472 2452 1556 2477 const.
1579 2448 1622 2476 ed.
1650 2453 1767 2482 uncxcu,
1788 2447 1831 2474 die

1096 2497 1119 2522 tt
1141 2495 1268 2529 octobris,
1284 2494 1378 2530 pontif.
1400 2501 1427 2527 n,
1443 2497 1534 2520 extant
1553 2493 1663 2520 decreta
1682 2493 1753 2519 circa
1773 2495 1831 2518 stu·

1092 2540 1153 2571 dia;
1170 2544 1196 2566 et
1212 2540 1320 2566 constit.
1342 2539 1408 2566 edit.
1425 2544 1573 2570 uncxcwu,
1595 2537 1638 2564 die
1657 2537 1691 2564 30
1710 2536 1828 2571 augusti,

1093 2585 1187 2620 pontif.
1210 2591 1253 2610 vnt
1274 2584 1364 2619 agitur
1383 2583 1415 2610 de
1436 2586 1551 2619 quatuor
1571 2581 1760 2610 assistentibus
1780 2588 1829 2616 ge-

1093 2630 1237 2657 ucraltbus
