2254 3225
269 233 312 256 &uv
330 231 354 258 (ἶ,
383 230 448 257 5093

495 221 558 252 5ῗῖίῖ

456 279 563 311 minici
582 280 739 312 adventus
766 280 834 312 dies
860 280 1096 323 acceptabiles,
1123 279 1191 312 dies

456 331 578 372 salutis,
598 332 652 376 qui
677 332 767 365 sicuti
794 343 853 366 nos
878 333 917 365 ad
938 332 1132 375 impensium
1157 343 1191 365 o-

455 385 598 425 randum,
624 386 666 418 ita
692 386 830 418 divinam
857 386 1064 419 clementiam
1090 385 1128 417 ad
1153 385 1191 417 Ii-

454 438 596 471 beralius
622 438 858 481 indulgendum
883 438 1030 477 invitant,
1051 443 1083 470 et
1100 447 1191 480 spem

455 497 575 524 certam
593 492 714 525 faciunt
730 492 951 535 consequendi
972 484 1081 523 veram
1102 490 1191 522 illam

456 549 487 576 et.
504 545 678 578 caelestem
704 555 827 587 pacem,
848 544 917 577 sine
939 554 1001 587 qua
1017 542 1132 586 nequit
1156 553 1193 575 ea

457 598 536 639 ipsa,
558 608 654 640 quam
679 608 738 631 nos
759 598 883 630 afflictis
909 597 1006 629 rebus
1033 606 1128 638 opem
1154 596 1193 628 la-

458 649 517 682 turi
536 650 735 683 incessanter
753 650 953 693 inquirimus,
972 660 1030 692 pax
1053 649 1194 681 humana

457 702 648 735 consistere.
676 702 761 735 Ilaec
792 707 910 741 autem,
941 706 976 733 ut
1006 700 1193 733 ferventiori

457 755 588 797 spiritus
616 755 733 788 ardore
761 754 941 797 maiorique
971 754 1072 786 fructu
1100 763 1194 796 pera-

458 813 584 850 gantur,
620 818 656 840 ex
695 807 801 850 prisco
838 807 1001 839 Romanae
1030 805 1192 838 Ecclesiae

457 860 600 893 omnium
622 860 731 892 matris
757 864 789 892 et
813 860 984 901 magistrae
1010 869 1108 898 more,
1123 868 1194 890 cae-

456 913 585 946 lestium
599 923 767 945 munerum
783 912 961 952 thesauros,
976 922 1113 955 quorum
1129 912 1194 944 dis-

457 966 681 1008 pensationem
710 965 784 997 fidei
810 969 941 997 nostrae
968 964 1129 997 commisit
1152 963 1194 996 di·

455 1017 528 1050 vina
554 1017 716 1060 dignatio,
744 1017 889 1060 aperire,
918 1022 949 1050 et
981 1018 1071 1059 larga
1096 1027 1192 1048 manu

457 1081 593 1113 erogare
615 1070 827 1103 decrevimus

501 1124 515 1166 ἓ
540 1123 571 1155 I.
591 1123 714 1165 Itaque,
734 1123 772 1156 de
798 1123 1030 1166 omnipotentis
1055 1122 1110 1155 Dci
1137 1122 1195 1154 mi-

439 1172 634 1209 'serieordia
667 1181 698 1209 et
722 1177 891 1209 beatorum
924 1177 1008 1209 Petri
1041 1182 1073 1208 et
1106 1176 1193 1208 Pauli

457 1230 679 1272 apostolorum
705 1229 774 1262 eius
794 1230 984 1262 auctoritate
1006 1229 1132 1269 confisi,
1157 1240 1192 1262 ex

457 1284 513 1316 illa
550 1283 671 1325 ligandi
709 1288 803 1326 atque
834 1283 982 1316 solvendi
1019 1289 1192 1326 potestate,

457 1347 552 1379 quam
588 1336 683 1369 nobis
718 1336 888 1375 Dominus,
927 1336 1004 1368 lieet
1040 1336 1193 1378 indignis,

456 1389 601 1427 contulit,
628 1388 787 1421 universis
812 1393 842 1420 et
867 1389 1003 1431 singulis
1024 1389 1194 1432 utriusque

456 1453 551 1475 sexus
577 1441 844 1475 christifidelibus
869 1442 900 1473 in
922 1443 1003 1474 alma
1030 1441 1114 1474 Urbe
1138 1451 1195 1474 no-

457 1497 520 1528 stra
541 1495 743 1537 degentibus,
770 1496 823 1537 qui
850 1494 988 1527 solemni
1015 1495 1194 1537 processio-

456 1548 501 1588 ni,
524 1558 619 1591 quam
647 1547 726 1580 feria
751 1548 862 1589 quinta
886 1547 1046 1580 currentis
1072 1547 1196 1580 helido-

457 1602 580 1640 madae,
607 1606 681 1640 etc„
709 1600 865 1644 (reliqua
893 1600 965 1632 victe
990 1601 1025 1632 in
1052 1601 1196 1633 Alexan-

457 1654 510 1685 dri
542 1653 625 1686 VIII
647 1657 745 1686 const.
769 1653 847 1686 edit.
867 1663 1058 1692 MDCLxxxlx,
1078 1652 1129 1685 die
1153 1653 1195 1686 ⁶23

457 1706 642 1745 decembris,
670 1706 789 1748 pomis.
817 1706 865 1748 1).

500 1760 613 1792 Datum
636 1759 766 1797 Romae,
801 1758 885 1801 apud
914 1758 945 1791 S.
975 1758 1103 1791 Mariam
1133 1760 1196 1792 Ma-

455 1812 579 1851 iorem,
605 1812 665 1843 sub
691 1811 813 1843 annulo
840 1810 1031 1850 Piscatoris,
1062 1811 1113 1843 die
1138 1822 1195 1845 viu

457 1863 660 1897 decembris*
679 1872 838 1904 Mncxclu,
866 1863 1074 1906 pontificatus
1091 1864 1195 1897 nostri

457 1928 543 1951 anno
562 1927 609 1951 iu.

494 1979 554 2006 Dat.
572 1979 615 2005 die
631 1980 646 2007 8
662 1978 815 2006 decembris
832 1978 913 2012 1693,
929 1979 1027 2014 pontif.
1045 1987 1116 2006 anno
1131 1985 1167 2007 ιιι.

743 2109 899 2142 Lxxvllt.

460 2180 680 2223 Confirmatur
722 2180 883 2213 decretum
931 2180 1196 2224 Conqreyatiom's

499 2234 714 2277 particularis
738 2244 833 2276 super
857 2235 1054 2267 concessione
1085 2235 1197 2267 imlnl-

504 2292 609 2319 torum
626 2286 826 2330 suscipiendi
850 2287 980 2320 ordines
1005 2292 1097 2320 extra
1124 2293 1198 2321 tem-

499 2338 616 2383 pora‘.

496 2411 505 2436 1
525 2409 575 2437 Ed.
587 2408 666 2436 Maia.
681 2408 713 2435 ad
730 2416 812 2444 marg.
826 2408 891 2444 legit
903 2411 916 2436 7
928 2410 1130 2444 septembristfl
1147 2411 1196 2444 'r.).

493 2450 753 2479 21n1nnoeentiix1
770 2455 856 2477 const.
870 2451 911 2478 ed,
928 2458 1089 2486 nochxxiu,
1106 2452 1149 2478 die
1164 2453 1197 2479 30

457 2494 582 2525 ianuarii,
603 2493 698 2528 pontif.
720 2500 745 2524 x,
767 2493 857 2527 agitur
877 2493 909 2519 de
929 2493 1059 2519 ordinatis
1074 2502 1133 2520 cum
1149 2494 1197 2520 sat-

458 2537 495 2563 sis
514 2535 691 2567 dimissoriis;
713 2539 739 2561 et
758 2535 784 2560 in
798 2534 876 2561 liuius
892 2535 1026 2570 pontificis
1046 2541 1131 2562 const.
1153 2536 1194 2562 ed.

460 2585 585 2610 nncxcug
607 2577 650 2603 die
671 2577 686 2603 4
706 2576 871 2610 novembris,
893 2577 988 2611 pontis.
1010 2583 1047 2610 111,
1069 2577 1101 2604 de
1122 2578 1195 2605 ordi-

459 2619 611 2648 nationibus
631 2619 781 2646 alieuorum
801 2618 981 2646 subditorum.

1037 232 1214 256 m‘LLAntUM
1240 231 1393 257 nottANt'u

1407 281 1604 308 Innocentius
1625 282 1702 314 Papa
1721 282 1792 312 xit,

1354 328 1392 352 ad
1412 329 1587 360 perpetuam
1607 327 1651 353 rei
1670 326 1850 353 memoriam.

1275 387 1503 420 Sanctissimus
1539 388 1689 421 dominus
1728 393 1839 421 noster
1876 387 1970 419 Inno-
1995 399 2161 420 causatum-01³.

1233 440 1358 472 centius
1383 440 1467 483 Papa
1493 440 1553 480 XII,
1579 451 1639 482 pro
1664 441 1819 483 pastorali
1853 450 1911 472 suo
1937 439 1969 471 in

1233 493 1443 525 commissum
1486 493 1547 524 sibi
1595 503 1725 534 gregem
1772 493 1970 525 dominicum

1233 545 1303 577 zelo
1330 556 1365 577 ac
1391 545 1531 578 tuendae
1562 545 1753 587 disciplinae
1782 545 1973 578 ecclesiasti-

1234 608 1290 629 cae
1307 597 1422 637 studio,
1441 597 1631 640 prospicere
1648 598 1772 637 volens,
1787 608 1827 630 ne
1846 598 1973 630 indulta

1235 650 1429 693 suscipiendi
1456 656 1546 683 extra
1564 656 1710 694 tempora
1727 661 1744 683 a
1762 650 1830 683 iure
1852 655 1972 683 statuta

1235 703 1367 736 ordines
1393 703 1489 735 nimis
1514 703 1606 736 facile
1632 703 1864 743 concedantur,
1892 703 1973 736 Con-

1235 755 1414 798 gregationi
1432 755 1618 798 particulari
1640 755 1971 788 eminentissimorum

1235 808 1442 841 dominorum
1468 808 1684 840 cardinalium
1705 808 1864 851 Cat-pinei,
1880 807 1972 840 Casa-

1235 862 1327 900 natis,
1354 861 1558 900 lllarescotti,
1588 861 1760 900 Colloredi,
1796 860 1970 893 Panciatici

1236 920 1268 947 et
1292 915 1417 954 Albani,
1444 925 1570 946 necnon
1596 914 1888 947 illustrissimorum
1917 915 1971 947 do-

1235 967 1395 999 minorum
1407 967 1555 1009 SperelH,
1574 967 1740 1009 Ciampini,
1761 967 1969 1009 Saeripantis,

1236 1020 1366 1063 meique
1391 1019 1556 1053 secretarii
1578 1019 1772 1062 infrascripti
1787 1019 1971 1062 specialiter

1237 1074 1409 1116 deputatae
1447 1073 1676 1115 expendendas
1705 1072 1868 1105 commisit
1897 1083 1972 1104 cau-

1236 1138 1284 1159 sas
1309 1138 1344 1160 ex
1379 1126 1494 1170 quilius
1528 1126 1671 1169 praefata
1710 1125 1836 1157 indulta
1872 1126 1970 1158 tribui

1237 1181 1352 1218 solent,
1378 1179 1428 1211 ut¹
1448 1178 1614 1211 Sanctitati
1632 1178 1713 1211 Suae
1731 1178 1844 1211 referri
1863 1183 1973 1221 posset

1237 1243 1316 1276 quae
1343 1232 1424 1264 ratio
1451 1231 1605 1274 deinceps
1626 1231 1769 1264 ineunda
1794 1231 1972 1274 modusque

1237 1285 1443 1318 adhibendus
1467 1284 1632 1317 videretur
1652 1284 1683 1317 in
1703 1284 1914 1317 concessione
1932 1284 1972 1316 si-

1237 1339 1359 1372 milium
1385 1339 1601 1371 indultorum.

1281 1393 1295 1436 ξ
1325 1392 1356 1425 l.
1394 1391 1479 1429 Quae
1516 1391 1647 1434 quidem
1681 1390 1895 1433 Congregatio
1938 1391 1969 1423 in

1237 1446 1369 1479 aedibus
1395 1445 1532 1488 praefati
1559 1444 1802 1477 eminentissimi
1824 1444 1971 1487 Carpinei

1238 1499 1288 1532 die
1313 1510 1330 1532 x
1356 1498 1542 1530 novembris
1573 1502 1668 1540 atque
1700 1498 1819 1530 iterum
1850 1507 1892 1530 v11
1919 1498 1973 1530 (le-

1238 1551 1376 1585 ccmbris
1402 1550 1476 1583 anni
1499 1551 1657 1583 currfflitis
1684 1550 1813 1590 habita,
1842 1561 1875 1583 re
1908 1562 1974 1583 ma-

1238 1612 1308 1638 ture
1326 1605 1480 1645 discussa,
1495 1604 1621 1637 censuit
1639 1604 1761 1637 indulta
1775 1604 1972 1645 huiusmodi,

1238 1659 1261 1691 si
1287 1657 1497 1690 Sanctissimo
1524 1657 1690 1700 placuerit,
1717 1656 1853 1690 concedi
1877 1667 1973 1701 posse

1238 1722 1274 1744 ex
1301 1710 1406 1742 causis
1432 1709 1658 1752 infrascriptis,
1685 1710 1853 1742 videlicet:

1282 1765 1296 1807 g
1321 1763 1352 1796 Ξ).
1379 1763 1415 1795 Ut
1443 1763 1514 1805 quis
1540 1761 1708 1801 beneficio,
1742 1762 1770 1795 vi
1804 1762 1893 1795 cuius
1926 1773 1975 1796 ar-

1238 1870 1405 1914 picndum,
1434 1869 1482 1901 vel
1509 1868 1602 1900 alteri
1621 1867 1717 1900 etiam
1742 1873 1904 1911 perpetuo
1920 1869 1959 1901 lie

1239 1922 1355 1956 neficio
1381 1921 1467 1965 quod
1494 1921 1628 1962 obtinet,
1650 1921 1699 1953 vel
1718 1921 1916 1963 capellaniae
1934 1922 1973 1953 ad

1239 1976 1335 2008 vitam
1360 1974 1421 2007 sibi
1447 1984 1633 2014 concessae,
1659 1983 1717 2017 per
1748 1973 1891 2016 seipsum
1926 1973 1975 2006 in-

1238 2029 1357 2063 servire
1383 2027 1495 2071 possit.
1522 2027 1568 2060 Ol)
1589 2027 1758 2070 penuriam
1771 2027 1973 2060 sacerdotum

1237 2082 1269 2114 in
1296 2082 1358 2114 illis
1384 2080 1529 2123 partibus
1555 2081 1606 2113 vel
1631 2081 1662 2112 in
1689 2079 1888 2112 monasterio
1913 2090 1973 2123 pro

1238 2133 1455 2177 regularibus.
1482 2133 1528 2165 Oti
1554 2133 1703 2166 solatium
1723 2132 1824 2175 patris
1842 2133 1891 2165 vel
1909 2143 1976 2165 ma-

1240 2189 1304 2229 tris,
1332 2187 1504 2220 dummodo
1530 2187 1763 2230 quinquaginta
1784 2186 1896 2219 aetatis
1921 2197 1976 2219 an-

1239 2252 1298 2275 nos
1328 2241 1506 2280 excedant,
1549 2245 1580 2272 et
1617 2245 1728 2272 orator
1763 2240 1878 2272 saltem
1917 2250 1976 2282 per

1239 2293 1413 2327 triennium
1450 2293 1482 2325 in
1519 2292 1661 2325 clericali
1694 2292 1807 2324 habitu
1839 2292 1975 2325 honeste

1240 2353 1271 2381 et
1306 2346 1514 2380 laudabiliter
1555 2345 1682 2378 vixerit.
1722 2345 1802 2377 Item
1842 2345 1975 2378 concedi

1240 2411 1335 2444 posse
1366 2399 1491 2432 censuit
1525 2398 1638 2431 eadem
1675 2398 1799 2431 indulta
1835 2398 1976 2431 referen-

1240 2454 1336 2486 dariis
1362 2452 1531 2494 utriusque
1548 2451 1744 2493 signaturae,
1764 2451 1974 2483 familiaribus

1239 2506 1359 2539 Samnii
1386 2505 1568 2542 ronam-is,
1593 2504 1759 2536 canonicis
1780 2504 1974 2537 cathedralis

1239 2560 1287 2591 vel
1314 2559 1409 2591 etiam
1436 2557 1627 2597 collegiatae
1653 2557 1822 2596 ecclesiae,
1850 2567 1974 2590 eorum-

1276 2621 1285 2646 1
1310 2619 1378 2646 Edit.
1402 2618 1480 2645 man.
1503 2617 1566 2653 legit
1587 2621 1612 2646 el
1632 2626 1679 2654 pro
1698 2621 1727 2646 ul
1747 2618 1844 2654 (ιιι).

1983 233 2029 256 An.
2044 232 2071 258 tt.
2098 232 2160 258 1003

1993 1403 2101 1424 Decretum
2111 1403 2165 1424 Con-

1983 1431 2117 1456 gre-fatuans.

2024 1774 2103 1797 uin-tuus
2118 1780 2167 1794 con·

1239 1821 1343 1850 ctatm·
1366 1816 1403 1848 ad
1431 1815 1675 1858 presbyteratus
1701 1814 1849 1847 ordinem
1875 1801 2166 1847 susci-fll‘fffl'2'laJ'Z'f'·
