2227 3225
116 244 165 271 An.
181 241 210 270 C.
232 241 301 269 1689

150 1627 276 1650 rubucauo.

890 239 1079 264 ALEXANDER
1105 238 1159 261 vm
1183 238 1231 262 1³1³.

307 290 508 334 quibuslibet
532 289 703 323 contrariis
720 288 991 333 dispositionibus
1018 292 1049 319 et

307 343 594 377 constitutionibus
630 353 688 387 pro
726 348 873 386 tempore
913 340 1048 374 edendis

307 397 640 440 comprehendantur,
667 396 723 429 sed
753 405 880 439 semper
913 395 951 426 ab
984 392 1047 426 illis

309 458 451 494 excepta,
471 457 502 483 et
519 450 644 494 quoties
668 450 742 483 illae
769 449 975 487 emanabant,
1002 452 1050 480 to-

308 506 368 538 ties
393 505 425 537 in
451 503 623 547 pristinum
650 513 787 549 eumque
816 501 1047 535 validissimum

307 563 425 591 statum
450 557 607 597 restituta,
630 556 773 600 reposita
791 561 821 589 et
838 555 1047 596 reintegrata,

309 622 346 644 ac
371 611 466 644 etiam
492 609 552 643 sub
577 610 751 653 posteriori
778 609 850 641 data
875 619 933 651 per
958 618 1051 650 quas-

309 674 445 707 cumque
471 674 627 707 personas
650 663 800 706 eligenda
817 662 855 694 de
875 672 956 694 novo
974 671 1050 693 con-

310 727 404 750 cessa
428 716 493 749 sint
518 721 550 749 et
574 727 644 749 esse
676 721 895 748 censeantur.
923 724 1048 746 necnon

308 780 366 813 pro
406 769 574 802 sufficienti
612 779 722 802 eorum
760 768 972 810 derogatione
1010 767 1049 799 de

309 823 374 856 illis
400 833 577 866 eorumque
595 822 670 855 totis
689 822 856 854 tenoribus
887 820 1047 865 specialis,

311 876 471 921 specifica,
505 875 670 909 individua
703 881 734 908 et
762 885 923 919 expressa,
951 885 986 907 ac
1011 873 1049 906 de

310 930 410 963 verbo
435 930 474 963 ad
500 929 643 967 verbum,
661 939 727 961 non
753 934 857 961 autem
883 938 943 971 per
968 928 1052 959 clau-

311 985 399 1017 sulas
425 983 594 1026 generales
613 982 698 1015 idem
717 982 942 1025 importantes,
962 990 1050 1012 men-

313 1036 358 1070 tio
383 1046 438 1069 seu
464 1035 594 1079 quaeris
619 1035 681 1068 alia
707 1034 873 1078 expressio
907 1033 1052 1066 facienda

313 1095 367 1122 aut
382 1089 445 1122 alia
465 1089 623 1132 exquisita
642 1089 743 1121 forma
761 1089 798 1121 ad
817 1089 879 1121 hoc
898 1087 1054 1120 servanda

315 1143 426 1185 soret),
453 1141 581 1176 illorum
616 1142 760 1174 omnium
786 1147 817 1174 et
850 1141 1052 1183 singulorum

317 1201 460 1235 tenores,
488 1195 606 1228 formas
631 1200 663 1227 et
688 1195 876 1228 occasiones
902 1204 1054 1237 praesen-

317 1249 401 1281 tibus
426 1259 485 1291 pro
510 1250 607 1291 plene
633 1254 664 1281 et
688 1248 888 1280 sufficienter
925 1256 1055 1290 expres-

316 1312 352 1334 ac
370 1301 500 1334 insertis
519 1312 554 1333 ac
570 1302 702 1333 servatis
729 1301 907 1343 respective
934 1300 1056 1332 baben-

317 1359 378 1394 tes,
397 1354 461 1387 illis
478 1351 555 1386 alias
581 1354 613 1386 in
639 1364 695 1386 suo
721 1353 840 1386 robore
867 1363 1056 1396 permansu-

316 1407 372 1448 ris,
397 1408 436 1440 ad
461 1407 714 1451 praemissorum
741 1406 904 1445 effectum,
931 1406 1056 1449 specia-

316 1461 392 1494 liter
416 1466 448 1493 et
471 1468 623 1504 expresse
649 1460 843 1502 derogamus
864 1470 899 1492 ac
917 1459 1056 1501 deroga-

317 1518 384 1546 tum
411 1524 481 1546 esse
507 1513 664 1553 volumus3
684 1512 867 1555 ceterisque
886 1512 1056 1545 contrariis

318 1566 590 1610 quibuscumque.

362 1621 377 1664 ξ
405 1619 459 1653 13.
496 1619 535 1652 Ut
567 1625 673 1652 autem
706 1620 837 1653 eaedem
868 1624 1057 1662 praesentes

318 1672 446 1707 litterae
468 1673 506 1706 ad
532 1673 676 1705 oninium
703 1673 849 1705 notitiam
869 1672 990 1705 facilius
1008 1673 1058 1705 de-

318 1725 456 1764 veniant,
482 1726 638 1765 volumus
666 1731 697 1758 et
718 1726 906 1758 auctoritate
928 1731 1058 1768 aposto·

319 1781 382 1814 lica
400 1781 613 1820 decernimus,
633 1781 704 1814 illas
722 1781 761 1813 ad
780 1782 884 1814 valvas
906 1780 1057 1814 basilicae

319 1833 478 1876 Principis
515 1834 744 1876 Apostolorum
777 1840 807 1866 et
839 1833 1056 1867 Cancellariae

321 1886 543 1930 Apostolicae,
570 1896 605 1918 ae
632 1886 662 1918 in
689 1886 755 1918 acie
781 1886 991 1929 Campitlorae
1019 1887 1056 1919 de

320 1939 404 1972 Urbe
431 1949 490 1982 per
514 1939 653 1981 aliquem
674 1949 708 1971 ex
729 1940 915 1971 cursoribus
940 1940 1058 1972 nostris

320 1989 492 2032 publicari,
511 2000 546 2021 ac
567 1989 695 2021 illarum
716 1990 862 2032 exempla
877 1989 997 2022 ibidem
1017 1991 1058 2022 as-

320 2042 382 2074 sixa
398 2041 550 2085 relinqui,
565 2051 656 2084 quae,
671 2042 713 2074 ita
733 2042 925 2084 publicatae,
945 2053 1056 2075 omues

320 2100 351 2127 et
375 2095 538 2136 singulos,
566 2105 645 2137 quos
671 2100 891 2134 concernunt,
922 2095 1056 2138 perinde

320 2147 461 2180 afficiant
478 2152 510 2180 et
526 2152 663 2187 aretent,
680 2158 715 2179 ac
733 2147 758 2180 si
785 2147 914 2180 illorum
933 2148 1058 2181 unicui-

320 2212 382 2244 que
406 2200 626 2244 personaliter
644 2200 826 2234 notificatae
845 2207 875 2234 et
892 2201 1056 2235 intimatae

320 2253 475 2294 fuissent;
508 2258 606 2296 utque
633 2254 818 2287 earumdem
837 2255 1056 2297 praesentium
1077 2267 1078 2270 ¹

321 2306 530 2350 transumptis
548 2317 603 2339 seu
622 2308 788 2350 exemplis,
805 2308 900 2340 etiam
925 2308 1058 2352 impres-

321 2359 375 2400 sis,
401 2370 498 2392 manu
519 2359 635 2392 notarii
660 2360 783 2403 publici
808 2361 1011 2405 subscriptis,
1028 2369 1059 2395 et

320 2414 428 2456 sigillo
449 2414 584 2447 alienius
608 2426 768 2458 personae
790 2416 821 2448 in
841 2417 1059 2450 ecclesiastica

322 2465 478 2508 dignitate
503 2468 698 2500 constitutae
723 2468 866 2508 munitis,
887 2469 1000 2502 eadem
1026 2469 1061 2501 sl<

323 2519 379 2551 des
403 2519 436 2551 in
455 2519 574 2552 iudicio
593 2526 624 2553 et
641 2526 732 2553 extra
755 2520 836 2554 illud
856 2521 1058 2561 adhibeatur,

322 2581 403 2614 quae
432 2573 658 2614 praesentibus
677 2573 889 2607 adhiberetur
906 2575 931 2607 si
953 2576 1056 2608 forent

323 2623 488 2657 exhibitae
514 2626 562 2658 vel
588 2631 749 2660 ostensae.

1134 287 1247 319 Datum
1274 286 1410 327 Romae,
1439 287 1525 330 apud
1553 287 1581 320 S.
1609 288 1739 320 Mariam
1765 290 1826 321 Ma-

1091 340 1211 380 iorem,
1237 339 1295 371 sub
1321 341 1443 372 annulo
1469 340 1653 380 piscatoris,
1680 342 1731 374 die
1757 351 1826 375 xxiv

1091 393 1272 426 decembris
1290 403 1479 433 nncrxxxxx,
1497 394 1706 437 pontificatus
1724 395 1828 428 nostri

1091 457 1176 479 anno
1202 457 1224 480 1.

1128 508 1188 536 Dat.
1205 509 1249 536 die
1264 509 1297 535 24
1312 509 1466 536 oecembris
1484 509 1562 542 1089,
1580 509 1676 544 ponus.
1694 516 1797 538 annot.

1430 625 1493 658 ΥΠ.

1094 696 1339 738 Confirmantur
1355 695 1484 729 litterae
1501 696 1654 738 maqistre'
1669 697 1832 739 yeneralis

1138 749 1272 782 Ordinis
1297 749 1566 782 Praedz'calormn
1588 776 1595 789 ,
1629 750 1747 792 quibus
1777 751 1833 783 tol-

1138 803 1254 834 luntur
1274 802 1430 835 nmznulli
1457 803 1576 835 abusus
1604 803 1638 835 in
1665 804 1834 846 provincia

1137 856 1367 899 Portuslallz'ae
1380 855 1398 888 ¹.

1279 927 1444 955 Alexander
1464 928 1543 961 Papa
1563 928 1648 960 vm,

1237 972 1272 998 ad
1294 973 1426 999 futuram
1447 973 1492 999 rei
1513 973 1696 999 memoriam.

1139 1033 1308 1067 Commissi
1345 1034 1439 1067 nobis
1475 1033 1627 1067 divinitus
1664 1035 1835 1078 pastoralis

1096 1087 1193 1119 officii
1217 1087 1297 1120 ratio
1316 1087 1426 1130 exigit,
1450 1092 1493 1127 ut,
1515 1093 1681 1130 paternam
1707 1089 1837 1121 christi-

1096 1141 1260 1179 fidelium,
1286 1140 1339 1183 qui
1366 1151 1381 1172 e
1406 1141 1556 1172 fluetibus
1581 1141 1703 1175 saeculi
1729 1141 1760 1174 in
1787 1151 1835 1175 re-

1098 1194 1231 1236 ligiosae
1247 1194 1327 1225 vitae
1341 1199 1473 1237 portum
1491 1194 1713 1236 confugerunt,
1729 1205 1835 1228 curam

1098 1252 1258 1289 gerentes,
1275 1247 1337 1287 illa,
1353 1257 1434 1289 quae
1449 1247 1601 1280 abusibus
1619 1248 1703 1281 felici
1722 1259 1835 1281 eorum

1099 1300 1268 1333 directioni
1291 1299 1395 1332 noxiis
1421 1300 1601 1333 evellendis
1627 1302 1762 1344 provide
1787 1313 1836 1335 sa-

1098 1352 1292 1395 pienterque
1329 1352 1503 1384 constituta
1536 1358 1568 1385 et
1592 1354 1740 1386 ordinata
1765 1365 1835 1387 esse

1099 1411 1288 1443 noscuntur,
1315 1410 1348 1436 ut
1375 1404 1465 1437 firma
1497 1416 1628 1448 semper
1659 1412 1755 1449 atque
1781 1407 1836 1439 in—

1097 1460 1214 1491 violata
1240 1458 1428 1500 persistant,
1454 1459 1623 1500 apostolici
1648 1460 1835 1493 muniminis

1098 1511 1262 1556 praesidio
1288 1510 1565 1551 constabiliamus,
1585 1518 1616 1544 et
1640 1513 1719 1545 alias
1745 1513 1838 1545 desu—

1100 1576 1158 1609 per
1184 1565 1403 1608 disponamuS,
1424 1564 1515 1603 sicut,
1538 1565 1689 1598 omnibus
1713 1571 1836 1598 mature

1099 1617 1278 1661 perpensis,
1299 1618 1329 1649 in
1349 1617 1483 1650 Domino
1509 1618 1725 1661 conspicimus
1751 1620 1838 1652 salu-

1100 1671 1201 1703 briter
1226 1670 1390 1713 expedire.

1145 1724 1159 1766 ξ
1185 1723 1216 1756 l.
1237 1723 1358 1766 Exponi
1380 1723 1538 1766 siquidem
1557 1724 1650 1757 nobis
1671 1735 1777 1768 nuper
1794 1725 1838 1757 se-

1101 1777 1142 1810 cit
1161 1777 1295 1809 dilectus
1319 1776 1403 1809 silius
1428 1777 1539 1810 Petrus
1561 1778 1716 1817 Montero,
1736 1779 1837 1811 frater

1100 1842 1252 1874 expresse
1279 1831 1445 1874 professus
1471 1842 1507 1864 ae
1536 1838 1732 1874 procurator
1763 1843 1839 1876 pro-

1101 1884 1223 1916 vinciae
1245 1883 1464 1926 portugalliae
1490 1884 1619 1917 Ordinis
1638 1885 1838 1919 Praedicato-

1101 1948 1182 1975 rum,
1208 1937 1304 1980 quod,
1332 1948 1403 1970 cum
1422 1934 1509 1977 alias,
1529 1938 1568 1970 de
1594 1939 1730 1982 supplici
1757 1951 1838 1983 quo-

1102 1991 1173 2023 dam
1191 1990 1302 2023 libello
1317 2001 1376 2033 pro
1395 1996 1485 2034 parte
1507 1993 1743 2025 nonnullorum
1762 1998 1839 2026 tunc

1101 2043 1308 2076 existentium
1322 2044 1454 2076 fratrum
1473 2045 1660 2086 provinciae
1675 2046 1837 2088 praefatae

1102 2096 1204 2128 felicis
1226 2097 1458 2129 reeordationis
1472 2097 1660 2130 Innocentio
1679 2099 1783 2141 Papae
1799 2099 1837 2132 XI

1101 2149 1342 2191 praedecessori
1369 2154 1480 2182 nostro
1505 2156 1676 2193 porrecto,
1701 2151 1762 2194 ipsi
1788 2152 1839 2184 ln-

1100 2202 1252 2234 nocentio
1268 2202 1514 2244 praedecessori
1531 2203 1733 2243 innotuisset,
1749 2204 1837 2247 quod

1100 2255 1261 2298 aliquibus
1277 2255 1380 2288 dictae
1395 2256 1581 2298 provinciae
1596 2257 1747 2289 fratribus
1765 2267 1840 2290 con-

1101 2319 1226 2341 cessum
1252 2309 1366 2348 suerat,
1392 2314 1425 2340 ut
1450 2308 1628 2351 privilegiis
1652 2316 1840 2352 praesenta-

1101 2368 1226 2403 torum,
1252 2362 1327 2396 licet
1359 2373 1396 2396 eo
1421 2363 1521 2405 gradu
1549 2363 1636 2396 iuxta
1662 2369 1781 2396 statuta
1808 2369 1838 2397 et

1138 2462 1147 2486 1
1172 2459 1208 2486 De
1228 2458 1382 2486 huiusmodi
1408 2459 1538 2486 abusibus
1558 2460 1617 2487 vide
1636 2459 1787 2486 Innocentii
1807 2459 1838 2486 XI

1101 2504 1207 2530 constit.
1229 2504 1291 2530 edit¹
1314 2511 1470 2538 mcccxxvii,
1485 2505 1528 2531 die
1541 2505 1575 2530 20
1594 2504 1757 2537 novembris,
1775 2511 1839 2538 pon-

1102 2548 1267 2581 tisicatus113
1290 2548 1352 2575 item
1374 2549 1480 2575 constit.
1503 2550 1566 2575 edit.
1590 2555 1744 2576 mncrxxrn,
1762 2549 1805 2574 die
1821 2549 1838 2574 5

1101 2592 1234 2625 ianuarii,
1257 2593 1352 2627 pontif.
1374 2600 1393 2619 lt
1407 2614 1413 2626 ,
1434 2597 1459 2620 et
1480 2593 1627 2619 lnnorentii
1654 2592 1696 2618 ΧΗ
1727 2592 1835 2619 constit.

1102 2637 1165 2664 edit.
1187 2644 1304 2670 mnam,
1326 2637 1368 2664 die
1388 2637 1421 2664 2⁹2
1441 2638 1613 2672 septenbris,
1634 2636 1728 2672 pontif.
1748 2643 1774 2665 v.

1745 229 1787 263 49
1833 241 1881 267 An.
1899 239 1928 267 c.
1952 240 2018 267 soso

1872 1045 1993 1067 [xanthum.

1875 1734 1963 1760 Species
1983 1734 2031 1754 ssu-u

1849 1762 1985 1786 sequentinm
2000 1763 2032 1782 Ιιι-

1850 1791 1899 1808 toris
1914 1788 2023 1816 descripti.
