2254 3225
199 256 292 284 ηε.
317 256 382 284 1098
428 247 494 282 844

322 306 579 339 a.i=‹·-liuiusniodi
608 306 776 340 decretum
804 307 907 340 edidit
933 309 1057 341 tenoris
1085 319 1131 341 se-

197 348 267 365 ctione
302 352 320 370 pi
332 353 341 365 e

197 319 240 338 nnn
258 325 303 338 enin

197 378 278 392 mmm
297 352 529 403 coinissssquentis,
558 360 731 393 videlicet:
771 372 785 392 «
814 361 924 394 Frater
956 362 1133 395 Bonaven-

197 402 314 420 §unientes-

392 419 466 446 tura
497 413 645 452 Poenus,
673 424 784 447 sacrae
813 415 1000 457 theologiae
1030 416 1134 448 lector

392 466 567 508 iubilatus,
595 478 631 500 ac
658 468 756 501 totius
781 468 910 500 Ordinis
943 468 1046 500 nostri
1079 479 1134 511 pa-

392 521 452 553 tris
485 521 587 554 saneti
617 521 781 554 Francisci
822 521 973 553 minister
1002 532 1135 563 genera-

392 575 432 607 lis
450 580 480 607 et
498 585 620 612 servus,
639 585 765 606 necnon
791 575 982 606 auctoritate
1004 575 1136 607 sanctis·

393 627 463 660 simi
481 627 602 660 domini
627 627 731 659 nostri
754 627 932 660 innocentii
961 628 1064 671 Papae
1083 628 1135 660 Xll

394 681 632 714 commissarius
654 680 868 723 apostolicus,
890 686 968 721 ete„
997 682 1136 714 oratoris

393 734 551 777 precibus,
570 739 681 777 utpote
708 734 868 766 fraternae
894 734 1137 778 religiosaeque

395 787 545 820 charitati
573 787 805 826 consormibus,
824 793 858 819 ut
878 788 1057 830 hospitium
1077 799 1136 831 pro

394 840 558 883 religiosis
586 840 825 884 provinciarum
859 840 1024 874 indiarum
1049 841 1139 874 Occi-

396 894 574 927 dentalium
602 894 776 934 dumtaxat,
799 900 830 927 et
854 894 886 926 in
913 895 1028 928 eodem
1055 896 1137 936 loco,

395 947 450 979 uhi
477 957 579 989 usque
605 947 703 979 modo
730 947 886 980 habitavit
911 953 942 980 et
966 949 1073 981 adhuc
1099 949 1138 982 de

396 1000 562 1043 praesenti
590 1000 715 1032 habitat
731 1007 924 1044 procurator
948 1012 1063 1035 causae
1089 1013 1140 1035 ea-

397 1053 615 1086 nonizationis
643 1054 744 1086 nostri
772 1055 806 1087 ss.
830 1054 991 1088 Francisci
1018 1056 1139 1095 Solani,

397 1106 502 1139 diruta
528 1107 616 1150 prius
649 1118 685 1140 ac
719 1109 875 1141 demolita
901 1109 1032 1152 antiqua
1057 1110 1140 1143 cella

396 1160 476 1192 inibi
503 1161 671 1201 existente,
694 1161 884 1204 hospitium,
911 1163 943 1195 in
967 1163 1139 1197 meliorem

397 1219 494 1257 atque
526 1215 720 1258 ampliorem
753 1216 888 1249 sormam
914 1228 930 1249 a
956 1218 1045 1250 novis
1071 1218 1141 1250 sun-

398 1267 557 1300 damentis
575 1269 841 1309 construendum,
861 1270 942 1312 erigi
966 1271 1078 1314 possit,
1096 1271 1141 1304 vi-

398 1331 474 1363 gore
492 1322 672 1364 praesentis
691 1322 794 1355 nostri
811 1323 934 1356 decreti
955 1324 1141 1357 facultatem

399 1379 432 1406 et
457 1384 625 1407 assensum
652 1381 798 1408 nostrum
825 1376 967 1419 benigue
993 1378 1142 1420 indulge-

399 1438 471 1460 mus
493 1434 525 1461 et
545 1429 766 1469 concedimus,
785 1436 879 1473 atque
905 1431 986 1464 adeo
1012 1432 1043 1464 id
1070 1442 1142 1465 exe-

400 1483 455 1524 qui
480 1482 681 1525 iniuugimus
707 1489 738 1516 et
761 1485 966 1518 mandamus.
992 1485 1143 1524 Quando-

401 1535 531 1579 quidem
562 1547 636 1570 vero
673 1548 732 1580 pro
771 1538 958 1571 huiusmodi
995 1539 1142 1572 aedificio

402 1589 611 1632 supradictae
642 1591 828 1634 provinciae
865 1592 1027 1625 Indiarum
1052 1593 1143 1626 Occi-

403 1643 581 1676 dentalium
606 1643 878 1687 indipendenter¹
905 1647 944 1679 ab
971 1646 1040 1680 aliis
1059 1648 1144 1680 elee-

402 1706 553 1740 mosynas
574 1697 776 1731 necessarias
799 1699 1142 1741 subministraverint‘,

402 1749 477 1782 ideo
501 1750 608 1793 primo
634 1756 667 1783 et
691 1751 916 1795 principaliter
941 1764 1050 1786 earum
1071 1753 1145 1787 reli-

404 1802 500 1845 giosis
514 1803 647 1836 Romam
667 1815 868 1849 quacumque
889 1806 928 1839 de
950 1808 1043 1839 causa
1059 1817 1145 1840 acce-

404 1856 555 1889 dentibus
581 1857 793 1900 hospitalitati
819 1859 976 1892 inservire
1002 1860 1144 1900 debebit,

976 257 1156 282 BULLARIUM
1180 257 1335 282 ROMANUM

1177 307 1366 347 obtinuerit,
1398 308 1458 340 sub
1482 307 1597 351 poenis
1622 307 1917 351 proprietariorum

1177 361 1328 404 vocisque
1349 360 1469 393 activae
1491 366 1522 394 et
1546 360 1712 404 passivae'
1737 361 1808 404 ipso
1834 361 1917 395 sacto

1178 414 1391 454 incurrendis,
1412 414 1549 458 aliisque
1575 414 1779 457 gravioribus
1806 415 1844 448 ad
1870 426 1920 447 ar-

1177 467 1309 499 bitrium
1336 467 1438 511 patris
1463 468 1641 510 superioris
1659 469 1834 510 generalis,
1855 473 1918 501 tam

1179 520 1274 552 aliter
1288 531 1382 563 quam
1398 526 1432 553 ut
1445 521 1629 563 praefertur
1643 521 1919 564 permittentibus,

1180 583 1274 615 quam
1293 573 1473 616 respective
1496 574 1659 606 sustinere
1681 574 1922 616 praetendenti-

1180 626 1257 659 bus:
1275 626 1353 658 itaut
1367 637 1495 669 semper
1513 637 1549 659 ex
1571 637 1656 659 nunc
1670 633 1701 660 et
1718 627 1750 660 in
1767 627 1919 669 futurum,

1181 685 1214 711 ut
1239 689 1378 722 aequum
1416 685 1485 719 est,
1513 690 1571 722 pro
1607 679 1760 712 fratribus
1795 691 1923 714 earum-

1181 734 1253 766 dem
1289 733 1553 777 provinciarum,
1581 744 1662 776 quae
1699 734 1923 777 eleemosynas

1181 787 1508 819 subministrat-erunt
1538 787 1645 830 primo
1675 792 1706 819 et
1735 787 1925 831 principali-

1184 845 1244 881 ter,
1267 840 1424 884 privative
1449 841 1486 873 ad
1504 841 1595 880 alios
1618 840 1796 884 hospitium
1815 841 1923 884 ipsum

1183 900 1266 927 stare
1292 900 1324 927 et
1349 894 1506 927 inservire
1532 895 1661 927 debeat.
1689 895 1863 928 Praeterea
1883 896 1922 928 ad

1182 948 1339 981 maiorem
1366 948 1463 981 huius
1486 948 1766 982 determinationis
1792 954 1923 982 nostrae

1183 1001 1423 1034 observantiam
1449 1007 1480 1034 et
1503 1002 1762 1042 subsistentiam,
1782 1002 1925 1035 libenter

1183 1055 1402 1095 concedimus,
1419 1055 1560 1098 lapidem
1581 1067 1653 1089 cum
1673 1067 1771 1099 supra
1790 1057 1924 1099 scripta,

1183 1105 1248 1142 sive
1263 1109 1326 1142 alia
1339 1110 1480 1149 clariori,
1506 1110 1591 1143 idem
1617 1115 1723 1143 tamen
1749 1111 1924 1151 referente,

1184 1163 1405 1207 inscriptione,
1417 1164 1522 1197 eidem
1535 1164 1680 1207 hospitio
1691 1165 1926 1208 superimponi.

1183 1216 1413 1250 Permittentes
1431 1217 1561 1257 oratori,
1575 1218 1600 1250 si
1619 1222 1651 1251 et
1669 1223 1829 1261 quatenus
1844 1228 1926 1261 opus

1185 1270 1283 1303 suerit
1307 1271 1346 1304 ad
1372 1270 1529 1304 maiorem
1555 1271 1754 1304 validitatem
1773 1276 1805 1304 et
1822 1271 1928 1305 effica-

1185 1324 1279 1365 ciam,
1307 1330 1342 1356 ut
1367 1324 1611 1368 praedictorum
1637 1325 1780 1358 omnium
1806 1329 1838 1358 et
1861 1325 1928 1358 sin-

1184 1378 1333 1420 gulorum
1361 1388 1378 1410 a
1403 1380 1514 1411 saneta
1537 1378 1619 1411 Sede
1647 1378 1835 1422 Apostolica
1859 1373 1929 1411 bul-

1186 1432 1247 1464 lam
1274 1431 1532 1465 eonssrmationis
1564 1443 1742 1476 procurare
1775 1438 1806 1465 et
1837 1432 1929 1466 obti-

1186 1495 1262 1517 nere
1280 1486 1403 1526 valeat,
1424 1485 1684 1530 quibuscumque
1708 1497 1776 1519 non
1796 1486 1929 1519 obstan-

1188 1537 1292 1578 tibus,
1320 1544 1381 1571 ete.
1415 1538 1527 1571 Datum
1554 1538 1683 1579 Romae,
1703 1539 1764 1572 hac
1789 1539 1841 1572 die
1866 1550 1927 1573 xxv

1187 1592 1344 1624 februarii
1377 1601 1529 1625 Mocxcvu
1555 1611 1597 1616 —
1617 1592 1731 1625 Frater
1759 1593 1928 1626 Bomvm-

1186 1656 1268 1679 'ruffi
1286 1645 1433 1686 Poiz‘nms,
1453 1647 1607 1689 magister
1618 1647 1780 1690 generalis
1799 1652 1831 1680 et
1844 1658 1929 1680 com-

1186 1699 1351 1732 missarius
1375 1700 1585 1743 apostolicus.
1605 1719 1647 1724 —
1664 1700 1746 1733 Loco
1766 1702 1788 1742 †
1805 1700 1926 1743 siqz‘lli.

1186 1752 1229 1785 De
1256 1754 1409 1786 mandato
1435 1764 1511 1786 suae
1541 1753 1746 1796 paternitatis
1778 1764 1929 1787 reveren-

1188 1806 1351 1846 dissimae,
1376 1807 1474 1840 frater
1506 1807 1528 1840 I.
1555 1807 1659 1841 Manis
1694 1817 1738 1841 DE
1762 1807 1794 1841 S.
1821 1808 1928 1842 CRUCE

1188 1861 1382 1893 secretarius
1408 1861 1571 1903 generalis
1596 1861 1724 1895 Ordinis
1740 1874 1771 1894 ».

1932 258 1980 284 Αη.
1996 257 2025 285 C.
2046 258 2113 286 1598

404 1910 491 1953 quod
510 1909 647 1944 firmiter
661 1911 820 1945 observari
836 1913 1070 1956 praecipimus:
1085 1925 1144 1958 pro

404 1969 553 2007 tempore
579 1970 695 2006 autem,
716 1977 780 2009 quo
802 1968 989 2001 earumdem
1014 1969 1145 2011 provin-

403 2017 526 2050 ciarum
545 2018 659 2052 fratres
685 2020 806 2053 Romae
828 2031 893 2053 non
912 2021 1145 2065 reperirentur,

403 2071 527 2114 pariter
550 2072 740 2105 mandamus
758 2079 794 2105 ut
811 2073 843 2106 in
865 2074 981 2107 eodem
1001 2075 1144 2117 hospitio

1231 1913 1374 1947 Subinde
1401 1925 1491 1955 vero,
1514 1925 1585 1948 eum
1611 1915 1695 1947 idem
1712 1914 1862 1948 Nicotaus
1882 1914 1929 1948 di·
1966 1918 2079 1939 Domum·
2094 1916 2125 1937 ²¹·

1940 1950 2009 1967 terum
2034 1943 2125 1965 ministri

1189 1968 1272 2000 lecto
1299 1967 1364 2001 silio
1389 1967 1551 2001 Matthaeo
1576 1979 1593 2001 a
1612 1967 1643 2001 S.
1660 1967 1839 2011 Stephano,
1859 1979 1929 2001 mo·
1940 1973 2060 2001 generatis·
2083 1976 2125 1997 ‘1¹¹⁰

1941 2001 2030 2022 relatum
2050 1998 2126 2019 contir-

1190 2022 1291 2055 derno
1322 2021 1472 2054 ministro
1504 2022 1649 2064 generali
1685 2022 1815 2055 Ordinis
1839 2025 2126 2066 prae-matumsuitpvst

1190 2075 1277 2115 dicti,
1295 2075 1509 2118 exposuisset,
1538 2087 1572 2109 se
1598 2076 1777 2120 hospitium
1802 2076 2064 2120 praedi-hospitium-

1961 2055 2106 2075 constructum
2149 2071 2151 2073 ,

405 2125 522 2165 nullus,
538 2125 650 2168 quavis
676 2127 716 2159 de
742 2128 838 2159 causa
865 2133 918 2160 aut
942 2128 1075 2169 motivo,
1095 2139 1147 2160 cu-

406 2176 501 2210 iusvis
526 2178 679 2219 nationis,
696 2179 835 2214 familiae
868 2182 916 2214 vel
942 2181 1143 2225 provinciae,

406 2230 471 2263 sive
497 2231 731 2276 cuiuscumque
758 2234 885 2276 gradus,
913 2235 1090 2278 dignitatis,
1116 2241 1148 2267 et

407 2284 604 2317 conditionis
638 2287 761 2327 existat,
789 2288 922 2321 omnino
948 2290 988 2321 ad
1013 2289 1147 2322 cohabi-

407 2338 542 2371 tandum
560 2339 746 2382 recipiatur,
765 2341 827 2374 nisi
847 2352 864 2374 a
881 2349 971 2385 patre
997 2353 1148 2375 reveren-

408 2390 544 2424 dissimo
569 2392 789 2427 commissario
813 2395 957 2437 generali
983 2395 1147 2428 indiarum

408 2444 533 2486 (cuius2
554 2445 691 2489 hospitii
711 2457 820 2480 curam
847 2453 880 2480 et
898 2448 1146 2491 dispositionem

408 2499 657 2543 committimus)
677 2500 861 2534 facultatem
880 2507 912 2534 ct
929 2502 1094 2535 licentiam
1115 2503 1145 2535 in

408 2552 539 2596 scriptis
564 2553 783 2587 exhibendam
813 2555 852 2588 ad
884 2556 972 2589 hunc
997 2556 1147 2590 effectum

444 2625 454 2650 t
478 2623 549 2651 Edit.
569 2624 649 2652 Main.
671 2625 739 2660 legit
757 2626 956 2662 indipendence
975 2627 1015 2663 (a.
1037 2630 1084 2663 T.)-

441 2668 458 2695 2
478 2668 570 2697 Potius
588 2670 648 2706 lege
668 2671 716 2698 cui
735 2671 772 2706 (a.
788 2673 836 2705 012).

1190 2134 1274 2161 ctum
1300 2129 1363 2162 iam
1389 2129 1622 2170 construxisse,
1641 2141 1677 2163 ac
1700 2131 1840 2173 proinde
1862 2135 1930 2164 toto

1190 2182 1311 2214 decreti
1337 2183 1517 2225 supradicti
1545 2187 1655 2216 tenore
1679 2183 1800 2216 inserto
1824 2183 1930 2216 eidem

1191 2236 1408 2279 supplicasset
1434 2241 1469 2269 ut
1495 2236 1574 2269 illud
1601 2236 1793 2270 confirmare
1819 2236 1932 2279 digna-

1192 2294 1300 2322 retur:
1327 2290 1488 2322 emanarit
1505 2290 1545 2322 ab
1564 2290 1677 2323 eodem
1695 2290 1857 2323 Mattliaeo
1874 2289 1932 2322 mi-

1191 2343 1293 2375 nistro
1319 2342 1465 2385 generali
1499 2343 1587 2376 aliud
1610 2343 1781 2376 *decretum
1808 2343 1932 2376 tenoris

1191 2396 1246 2440 qui
1273 2397 1441 2440 sequitur,
1467 2397 1639 2431 videlicet:
1679 2409 1692 2429 α
1710 2397 1821 2430 Frater
1856 2397 1933 2430 Mat-

1193 2450 1306 2482 thaeus
1331 2461 1348 2483 a
1368 2450 1399 2483 S.
1422 2450 1599 2494 Stephano,
1617 2461 1726 2484 sacrae
1746 2450 1932 2493 theologiae

1191 2504 1295 2536 lector
1319 2503 1485 2545 iubilatus,
1505 2515 1541 2537 ac
1560 2503 1655 2537 totius
1676 2503 1806 2537 Ordinis
1827 2503 1932 2537 sancti

1191 2557 1290 2601 patris
1315 2557 1418 2590 nostri
1435 2556 1599 2591 Francisci
1623 2557 1774 2590 minister
1799 2567 1933 2601 genera·

1229 2674 1237 2699 1
1262 2673 1341 2701 Deest
1357 2673 1534 2708 privationis
1554 2674 1591 2709 (a.
1609 2672 1659 2709 az).
