2227 3225
99 266 151 296 An.
168 267 197 296 c.
218 267 287 297 1693
873 266 1082 291 INNocux‘rttts
1106 267 1148 290 xu
1173 266 1220 290 rr.
1701 256 1765 289 573
1813 265 1863 292 Aa.
1880 265 1908 291 c.
1929 264 1998 291 1093

293 318 378 358 lites,
404 318 549 361 aliosque
582 317 747 361 praefatos
771 315 802 349 in
830 316 1030 359 gravioribus
1073 325 1152 358 pore
1177 313 1328 348 existenti
1354 314 1535 347 triremium
1565 314 1806 357 praedictarum

292 371 406 411 causis,
433 381 549 414 nempe
568 371 599 403 in
621 371 737 413 quibus
759 370 957 413 imponenda
974 369 1033 402 erit
1052 386 1054 392 ι
1072 367 1150 400 solvi
1176 367 1285 407 solito,
1312 378 1373 410 pro
1398 366 1552 400 residuali
1578 377 1653 399 vero
1670 369 1804 405 summa,

292 434 399 467 poena
424 423 569 466 eorporis
595 423 755 462 asslictiva,
783 423 973 456 dilectorum
999 421 1033 453 si-
1073 430 1109 452 ex
1131 420 1313 453 redditibus
1331 424 1363 452 et
1379 419 1587 462 proventibus
1607 418 1691 450 furni
1712 419 1806 461 panis

293 476 411 510 liorum
437 476 588 509 Gamerae
623 475 810 519 praedictae
837 473 1031 508 thesaurarii
1074 472 1195 505 venalis
1232 472 1336 506 dictae
1373 477 1479 505 terrae
1511 471 1804 511 Civitatisvetulae,

293 530 467 572 generalis,
494 529 616 573 quippe
642 529 690 562 cui
710 526 796 562 'alias
814 539 923 561 euram
941 538 1032 571 prae·
1074 526 1178 558 donee
1212 525 1307 559 aliter
1335 536 1394 569 per
1415 535 1473 558 nos
1497 526 1546 557 vel
1572 524 1688 558 Sedem
1713 534 1808 567 prae-

294 583 454 615 dictarum
491 581 672 615 triremium
702 581 944 625 pontificiarum
981 590 1033 613 ea·
1074 579 1190 612 dietam
1222 579 1445 622 provideatur)
1483 579 1515 611 in
1542 577 1605 610 tine
1632 577 1808 610 cuiuslibet

293 646 430 678 rumque
470 635 599 676 classis,
636 635 696 668 sub
735 635 831 668 certis
868 633 964 667 modo
1002 639 1033 665 et
1075 631 1193 664 mensis
1227 631 1356 665 realiter
1394 636 1522 664 etcum
1547 630 1661 664 ell'ectu
1685 631 1809 673 persol-

292 688 394 721 sorma
416 695 489 721 tunc
508 688 680 732 expressis,
701 687 977 725 demandavimus,
996 697 1032 719 ae
1074 685 1234 725 vendam,
1273 690 1403 728 practer
1437 684 1499 717 alia
1534 684 1656 717 incerta
1685 684 1809 717 emolu-

293 741 511 774 commissarii
544 742 707 784 generalis
738 751 902 774 armorum
927 740 1031 773 Status
1073 743 1188 778 menta,
1208 737 1294 771 licita
1312 743 1420 770 tamen
1442 743 1474 770 et
1498 738 1644 777 honesta,
1670 738 1809 770 antehac

292 793 513 827 Ecclesiastici
549 794 744 837 supradicti,
785 804 871 827 nunc
907 799 938 826 et
972 803 1031 835 pro
1074 791 1304 823 locumtenenti
1331 797 1363 824 et
1386 791 1609 824 commissario
1630 790 1808 833 respective

293 852 440 890 tempore
465 847 686 888 existentium,
712 847 891 890 respective
916 851 1028 879 aueto-
1073 844 1312 887 praedictarum
1358 849 1520 877 terrarum
1560 855 1621 887 pro
1661 849 1808 886 tempore

292 899 388 932 ritate
413 906 444 933 et
468 900 710 944 superioritate,
736 901 815 933 itaut
835 900 905 933 illos
919 899 1032 942 guber·
1073 897 1283 931 existentibus
1310 898 1378 931 dari
1404 904 1435 931 et
1459 898 1615 941 praestari
1641 903 1807 938 consueta,

291 959 385 987 nator
411 954 598 997 praedictus
624 954 654 987 in
681 954 796 987 iisdem
821 953 926 987 causis
952 964 1027 995 gra·
1073 952 1260 984 earumdem
1293 957 1405 985 tenore
1436 952 1656 995 praesentium
1689 951 1809 984 consti-

291 1006 435 1041 vioribus
460 1007 649 1050 respective,
674 1013 708 1040 ut
732 1008 926 1050 praefertur,
954 1017 1030 1040 con·
1073 1003 1190 1036 tuimus
1215 1010 1245 1037 et
1279 1005 1492 1047 assignamus.
1524 1005 1695 1037 Praeterea
1720 1005 1810 1037 volu-

292 1061 400 1093 sulere
426 1060 567 1103 debeat),
586 1065 700 1094 tenore
722 1060 943 1104 praesentium
970 1059 1032 1092 eri·
1072 1065 1143 1089 mus
1169 1063 1264 1100 atque
1290 1058 1505 1096 decernimus,
1533 1058 1618 1100 quod
1640 1057 1728 1089 curia
1756 1067 1810 1100 gu·

293 1113 397 1155 gimus
423 1119 454 1146 et
479 1113 686 1146 instituimus.
1071 1110 1251 1143 bernatoris
1292 1116 1322 1143 et
1359 1111 1658 1154 superintendentis
1697 1120 1810 1153 supra-

123 1173 282 1204 eoncessiosu-
338 1166 352 1209 ἓ
375 1166 406 1199 ³2,
434 1166 580 1200 Ceterum
604 1167 641 1200 ad
669 1177 725 1208 ea,
753 1178 835 1211 quae
861 1167 899 1201 ad
931 1167 1030 1210 ipsius
1073 1163 1159 1204 dicti,
1188 1174 1245 1207 pro
1270 1164 1412 1197 iustitiae
1438 1164 1590 1204 servitio,
1616 1165 1701 1196 ultra
1725 1163 1811 1196 bari-

98 1201 443 1263 iif'ssi'isss‘ig'ffl‘sgubernii
479 1221 524 1253 sie
559 1221 657 1254 erecti
683 1226 714 1254 et
738 1220 872 1254 instituti
903 1220 1030 1254 iurisdi-
1071 1218 1193 1260 gellum
1233 1223 1264 1250 et
1301 1223 1363 1251 tres
1405 1218 1583 1250 birruarios
1624 1218 1654 1250 in
1695 1218 1808 1250 eadem

96 1256 183 1274 ‘mm'
293 1273 409 1306 ctionis
436 1279 466 1306 et
493 1274 658 1315 dignitatis
684 1279 896 1316 augmentum
914 1273 1028 1306 cedere
1072 1273 1155 1303 terra
1179 1270 1448 1304 Civitatisvetulae
1485 1272 1525 1304 de
1562 1271 1725 1314 praesenti
1759 1272 1809 1313 (ut

292 1331 438 1369 possunt,
453 1327 672 1360 favorabiliter
685 1327 906 1367 intendentes,
924 1327 1029 1360 eidem
1071 1323 1192 1366 pariter
1217 1325 1415 1368 accepimus)
1431 1324 1616 1363 existentes,
1636 1324 1714 1356 alios
1733 1335 1809 1367 qua-

293 1379 452 1421 gubernio
478 1379 619 1423 (praevia
644 1380 780 1413 civitatis
805 1386 933 1413 nostrae
955 1380 1030 1413 Cor-
1071 1380 1143 1409 tuor
1163 1377 1341 1410 birruarios
1361 1377 1495 1417 habere,
1515 1388 1559 1416 ac,
1576 1377 1733 1420 quidquid
1748 1387 1807 1420 pro

291 1437 430 1465 netanae
449 1432 585 1476 eiusque
611 1433 780 1466 comitatus
798 1437 829 1465 et
843 1432 1027 1466 disctrictus
1069 1430 1187 1463 salario
1206 1440 1264 1463 seu
1279 1430 1441 1473 stipendio
1460 1431 1652 1463 eorumdem
1670 1435 1809 1474 quatuor

290 1485 497 1528 separatione
534 1492 565 1518 et
590 1485 879 1519 dismembratione
909 1496 926 1518 a
952 1495 1028 1528 qua·
1069 1483 1303 1516 birruariorum
1330 1484 1487 1517 solvendo
1513 1484 1661 1524 desuerit,
1677 1494 1713 1516 ex
1739 1484 1809 1516 red-

290 1547 428 1581 cumque
460 1538 598 1571 civitatis
629 1539 752 1582 pariter
776 1544 906 1572 nostrae
931 1538 1028 1571 Viter-
1068 1537 1188 1570 ditibus
1213 1542 1245 1570 et
1269 1537 1480 1580 proventibus
1501 1537 1584 1569 furni
1605 1537 1806 1576 huiusmodi,

289 1589 412 1623 biensis
437 1601 496 1634 pro
534 1597 680 1634 tempore
717 1591 885 1624 existentis
910 1591 1028 1633 guber·
1069 1589 1173 1622 donec
1196 1590 1318 1633 pariter
1344 1600 1400 1633 per
1435 1600 1493 1623 nos
1531 1589 1581 1622 vel
1617 1589 1734 1622 Sedem
1759 1600 1809 1622 su-

290 1643 410 1676 natoris
439 1644 687 1686 superioritate)
706 1645 801 1677 etiam
827 1643 931 1687 ipsius
952 1643 1027 1676 civi·
1068 1643 1247 1686 pradietam
1283 1643 1376 1676 aliter
1400 1642 1630 1687 provideatur,
1661 1643 1806 1687 suppleri

291 1697 363 1728 tatis
387 1696 586 1730 Cornetanae
618 1697 771 1740 illiusque
803 1697 973 1730 comitatus
996 1702 1027 1730 et
1068 1697 1197 1730 debeat.

290 1749 457 1782 districtus
483 1751 726 1793 praedictorum
753 1751 915 1793 regimen,
942 1750 1026 1783 dire-
1110 1749 1178 1793 ξῧ.
1206 1749 1435 1789 Decernentes,
1461 1750 1589 1783 easdem
1615 1754 1806 1794 praesentes
1842 1755 1962 1778 ‘2¹›1112uhw-

290 1803 429 1835 ctionem
472 1814 509 1835 ac
547 1803 885 1846 superintendentiam
923 1802 1026 1846 (itaut
1068 1803 1203 1843 litteras,
1221 1808 1252 1836 et
1276 1803 1308 1835 in
1326 1803 1371 1836 eis
1389 1808 1542 1836 contenta
1568 1814 1805 1847 quaecumque,

290 1866 349 1898 pro
375 1861 521 1899 tempore
559 1857 699 1889 existens
737 1862 895 1890 terrarum
927 1867 1022 1899 prae·
1068 1856 1165 1889 etiam
1191 1867 1230 1889 ex
1257 1867 1295 1889 eo
1323 1857 1409 1899 quod
1435 1856 1629 1900 quicumque
1663 1856 1694 1889 in
1720 1867 1808 1900 prae-

291 1909 445 1941 dictarum
472 1909 674 1951 gubernator
700 1909 730 1942 in
757 1909 883 1942 civitate
909 1909 1026 1942 Corne·
1067 1909 1173 1942 missis
1199 1910 1248 1942 ius
1281 1911 1329 1942 vel
1362 1909 1521 1942 interesse
1559 1910 1719 1943 habentes
1751 1921 1808 1943 seu

292 1964 363 1994 tana
389 1962 522 2005 eiusque
544 1962 696 1994 comitatu
724 1968 754 1995 et
772 1962 917 1995 districtu
936 1973 1028 2005 prae·
1068 1963 1188 1995 habere
1208 1962 1457 2005 quomodolibet
1474 1964 1726 2006 praetendentes
1744 1964 1807 1996 illis

290 2014 384 2047 dictis
409 2026 481 2047 cum
508 2015 600 2048 titulo
627 2021 658 2048 et
683 2015 949 2048 denominatione
975 2026 1026 2048 su-
1068 2026 1132 2049 non
1158 2016 1392 2056 consenseriut,
1415 2027 1473 2048 uec
1498 2017 1536 2049 ad
1563 2027 1600 2049 ea
1624 2017 1740 2056 vocati,
1768 2016 1810 2049 ei-

289 2068 550 2111 perintendentis
587 2069 735 2102 eamdem
771 2069 900 2112 penitus
932 2069 1026 2102 iuris·
1068 2069 1123 2102 tati
1141 2075 1173 2102 et
1188 2069 1298 2109 auditi,
1316 2080 1421 2112 neque
1440 2080 1565 2109 causae,
1580 2074 1714 2113 propter
1728 2081 1806 2113 quas

290 2121 466 2154 dictionem
483 2149 490 2162 ‚
526 2133 621 2165 quam
651 2122 739 2165 prius
775 2122 855 2155 inibi
892 2122 1025 2155 civitatis
1068 2128 1256 2164 praesentes
1281 2121 1511 2161 emanaverint,
1533 2121 1733 2154 sufficienter
1757 2123 1808 2155 nd-

288 2173 501 2207 Viterbiensis
527 2175 727 2217 gubernator
760 2175 945 2207 huiusmodi
972 2175 1026 2207 ha-
1068 2175 1192 2216 ductae,
1211 2174 1398 2207 verificatae
1417 2181 1449 2207 et
1468 2173 1659 2208 iustificatae
1676 2175 1806 2215 fuerint,

288 2227 367 2260 bere
386 2233 416 2260 et
430 2238 581 2261 exercere
597 2233 820 2268 consueverat,
843 2228 914 2271 pari
930 2228 1025 2261 modo
1068 2231 1120 2261 aut
1139 2239 1174 2260 ex
1194 2228 1256 2260 alia
1273 2238 1475 2271 quacumque
1494 2228 1698 2271 quantumvis
1716 2228 1807 2268 iusta,

289 2285 322 2313 et
352 2280 473 2324 absque
504 2282 571 2314 ulla
603 2292 732 2324 prorsus
758 2281 936 2314 differentia
967 2282 1025 2314 ha·
1068 2280 1213 2323 legitima
1248 2283 1278 2313 et
1314 2280 1517 2323 privilegiata
1553 2282 1658 2321 causa,
1686 2281 1808 2321 colore,

287 2333 365 2367 here
391 2340 422 2367 et
446 2345 599 2368 exercere
626 2335 766 2377 debeat)
793 2335 908 2367 harum
942 2335 1024 2368 serie
1067 2338 1238 2376 praetextu
1269 2338 1300 2366 et
1335 2333 1452 2377 capite,
1488 2333 1584 2366 etiam
1610 2334 1642 2366 in
1668 2344 1808 2377 corpore

289 2386 528 2430 coniungimus‚
555 2388 686 2420 unimus
713 2393 744 2421 et
765 2388 1022 2431 incorporamus.
1066 2387 1144 2419 iuris
1175 2388 1292 2427 clauso,
1320 2387 1416 2420 etiam
1441 2387 1595 2427 enormis,
1623 2388 1810 2420 enormissi-

288 2439 352 2483 Ipsi
377 2446 485 2474 autem
510 2441 720 2484 gubernatori
752 2452 788 2474 ac
821 2441 1026 2484 superinten-
1067 2451 1117 2473 me
1154 2446 1186 2474 et
1222 2441 1329 2474 totalis
1365 2441 1531 2483 laesionis,
1564 2442 1632 2474 ullo
1665 2452 1808 2484 unquam

289 2493 377 2526 denti
399 2494 621 2537 provisionem
642 2500 840 2527 menstruam
857 2494 1025 2537 sexaginta
1068 2500 1212 2537 tempore
1231 2495 1269 2528 de
1287 2495 1505 2538 subreptionis
1531 2496 1579 2528 vel
1604 2494 1808 2538 obreptionis

288 2552 449 2580 scutorum
474 2554 623 2581 monetae
642 2549 848 2591 supradictae
867 2548 940 2592 (pro
959 2550 1026 2580 rata
1068 2553 1121 2581 aut
1135 2547 1291 2581 nullitatis
1304 2547 1456 2588 vitio,seu
1469 2548 1659 2581 intentionis
1675 2553 1807 2581 nostrae

288 2599 415 2632 scilieet
447 2600 698 2642 vigintiduorum
730 2607 891 2633 scutorum
919 2600 1026 2633 liuius·
1068 2606 1122 2633 aut
1139 2601 1298 2634 interesse
1317 2601 1506 2634 habentium
1524 2602 1711 2640 consensus,
1730 2600 1795 2646 alio

288 2653 386 2694 modi,
405 2664 439 2686 ex
466 2653 580 2687 salario
607 2655 683 2688 alias
710 2654 847 2688 auditori
867 2665 925 2698 pro
948 2661 1024 2688 tcm-
1070 2665 1105 2688 vc
1133 2654 1277 2698 quolibet
1302 2654 1397 2687 etiam
1419 2654 1622 2698 quantumvis
1641 2662 1758 2696 magne
1772 2657 1803 2684 ot
