2254 3225
193 253 240 274 ,m
258 250 284 274 r..
312 247 376 272 isar.
423 236 487 270 70¹AE

227 571 374 598 Tmnturnpto·

383 294 496 336 quavis
515 294 717 334 auctoritate,
736 293 876 326 scienter
898 293 948 326 vel
972 293 1121 335 ignoran»

384 352 441 387 ter,
459 346 633 389 contigerit
650 347 813 379 attentari.
832 345 901 379 Non
918 344 1119 379 obstantibus

383 399 596 442 praemissis,
621 410 657 433 ac
686 398 971 433 constitutionibus
1004 403 1036 431 et
1070 407 1120 430 or-

384 453 606 486 dinationibus
625 453 824 496 apostolicis,
843 452 1027 494 ceterisque
1044 460 1121 483 con-

384 506 488 539 trariis
513 507 785 550 quibuscumque.

427 560 443 602 ξ
472 559 505 592 4.
538 559 690 591 Volumus
726 563 833 591 autem
864 562 899 589 ut
932 556 1120 589 earumdem

384 612 604 655 praesentium
625 611 804 644 litterarum
825 608 1045 651 transumptis,
1064 618 1121 640 seu

385 664 555 707 exemplis,
583 663 679 696 etiam
697 663 875 705 impressis,
901 671 998 694 manu
1023 660 1121 693 alicu-

384 717 433 749 ius
450 716 568 749 notarii
594 715 717 760 publici
742 715 947 758 subscriptis,
966 719 997 747 et
1013 713 1120 756 sigillo

384 779 546 812 personae
572 770 604 802 in
630 769 852 802 ecclesiastica
877 767 1034 810 dignitate
1049 776 1122 799 con-

384 822 517 856 stitutae
549 822 698 863 munitis,
732 822 844 856 eadem
874 830 1008 864 prorsus
1042 818 1121 852 fides

383 875 506 919 ubique
538 876 685 909 locorum
719 881 782 908 tam
815 874 848 907 in
881 873 1002 906 iudicio
1027 882 1120 915 quam

383 934 473 961 extra
491 929 572 962 illud
591 929 756 969 habeatur,
776 938 857 971 quae
874 926 952 970 ipsis
969 935 1122 969 praesen-

385 981 470 1014 tibus
496 982 673 1015 haberetur
704 981 729 1014 si
755 981 860 1014 forent
886 979 1049 1013 exhibitae
1070 977 1121 1010 vel

385 1039 549 1068 ostensae.

426 1088 540 1120 Datum
565 1087 697 1128 Romae,
728 1087 814 1130 apud
839 1086 870 1119 S.
904 1084 1034 1117 Mariam
1058 1083 1123 1115 Ma-

382 1141 508 1180 iorem,
535 1141 595 1173 sub
631 1141 754 1173 annulo
787 1138 984 1178 Piscatoris‚
1020 1136 1072 1169 die
1104 1146 1122 1168 v

383 1194 526 1227 octobris
568 1203 732 1234 Mocxcx'l,
767 1191 980 1236 pontificatus
1015 1189 1123 1222 nostri

384 1258 470 1280 anno
484 1257 527 1280 vi.

420 1309 478 1335 Dat.
500 1309 543 1335 die
559 1309 574 1336 5
594 1308 712 1336 octobris
729 1307 808 1342 1696,
826 1306 921 1342 pontif.
939 1313 1010 1333 anno
1030 1312 1066 1331 vi.

662 1449 846 1482 CXXXVIII.

385 1530 668 1563 Dismembranlur
691 1529 802 1572 plures
823 1527 1012 1570 provinc-iae
1032 1526 1126 1568 requi

430 1583 587 1615 &aarum
619 1593 638 1613 a
670 1581 864 1613 dioecesibus
894 1579 1073 1613 Pet-mensi
1097 1583 1125 1610 cl

430 1634 649 1673 Nmzlmzensi,
674 1644 791 1676 eaeque
811 1633 1056 1665 conmm'llmilm·
1081 1631 1125 1663 Γί-

432 1689 533 1720 σανίῖε
553 1687 738 1730 apostolicis
752 1686 771 1719 ¹.

566 1766 766 1794 Innocentius
787 1766 866 1799 Papa
886 1766 949 1798 Mt,

507 1813 543 1839 ad
564 1815 741 1846 perpetuam
761 1811 806 1838 rei
827 1810 1007 1837 memoriam.

434 1883 457 1916 E
478 1882 610 1916 sublimi
640 1882 730 1915 Sedis
750 1880 954 1924 Apostolicae
980 1881 1125 1923 specula,

392 1937 423 1968 in
442 1947 505 1980 qua
530 1935 710 1968 catholicae
736 1934 897 1966 Ecclesiae
922 1944 982 1976 per
1001 1933 1128 1965 nniver-

393 2000 463 2021 :um
489 1989 602 2022 orbem
629 1987 763 2020 diffusae
798 1986 970 2028 regimini,
1002 1986 1126 2018 meritis

391 2042 467 2075 licet
493 2048 525 2074 et
548 2041 669 2074 viribus
701 2042 799 2083 longe
831 2040 993 2083 impamS,
1021 2039 1128 2072 divina

393 2095 578 2138 dignatione
604 2094 835 2138 praesidemus,
856 2093 972 2126 mentis
998 2098 1127 2126 nostrae

391 2148 504 2181 oculos
530 2158 591 2191 per
620 2157 841 2190 quascumque
878 2146 947 2189 agri
975 2146 1127 2179 dominici

428 2237 440 2261 1
464 2235 503 2261 Ab
525 2235 676 2262 Alexandro
701 2235 759 2261 VIII
788 2234 902 2261 instituti
930 2235 1005 2261 suere
1025 2234 1128 2269 episco-

393 2285 472 2314 patus
493 2279 650 2306 Pekinensis
678 2283 705 2306 et
733 2278 914 2305 Nankinensis
934 2278 1042 2305 constit.
1063 2279 1128 2305 edit.

393 2330 490 2357 mccxc,
503 2323 546 2350 die
559 2324 590 2349 10
600 2323 704 2357 aprilis,
715 2326 789 2357 pont.
807 2330 832 2355 13
854 2322 880 2348 in
895 2322 975 2349 huius
989 2322 1129 2349 Pontificis

393 2368 501 2394 constit.
523 2367 586 2394 edit.
609 2373 731 2399 mocxcv,
753 2365 796 2392 die
819 2366 850 2392 16
869 2366 948 2399 maii,
969 2366 1066 2401 pontif.
1087 2372 1126 2400 111,

393 2416 464 2438 extat
484 2410 688 2438 dismembratio
709 2419 723 2437 a
743 2410 861 2437 dioecesi
881 2410 1075 2443 Nemausensi,
1101 2415 1128 2437 et

391 2459 419 2482 in
437 2455 571 2482 Benedicti
591 2454 649 2481 xttt
670 2455 776 2481 constit.
798 2454 863 2481 edit.
883 2461 1016 2488 mcccxxv,
1033 2455 1075 2481 dle
1095 2455 1128 2482 23

393 2501 469 2534 maii,
489 2500 585 2535 pontif.
602 2507 620 2532 1,
636 2499 752 2527 ecclesia
763 2499 906 2533 Eugubina
921 2499 1061 2526 subiicitur
1077 2499 1127 2527 Ur-

394 2545 540 2572 b.natensi.
562 2544 598 2571 Ue
619 2543 778 2571 auctoritate
811 2543 969 2569 ticariorum
990 2543 1015 2569 in
1035 2544 1128 2579 Anglia

963 244 1142 269 mmmmm
1166 243 1319 268 noiiixtzu
1905 231 1953 270 mi.
1967 244 1996 272 c.
2019 243 2084 271 1696

1160 298 1269 335 partes
1300 292 1420 335 iugiter
1455 292 1739 333 circumferentes,
1766 291 1805 324 ad
1834 301 1891 332 ea,

1161 356 1243 388 quae
1263 346 1474 379 ecclesiarum
1499 345 1718 389 quarumlibet
1747 355 1894 389 praeser-

1163 397 1218 430 tim
1253 399 1490 432 cathedralium
1525 399 1559 431 in
1594 399 1821 432 remotissimis
1854 399 1893 432 ab

1162 451 1276 484 eadem
1301 452 1384 485 Sede
1409 452 1600 494 regionibus
1629 458 1809 486 erectarum
1832 458 1895 486 sta-

1163 508 1229 535 tum
1261 511 1481 544 concernunt,
1507 505 1680 548 pastoralis
1712 504 1895 547 vigilantiae

1162 560 1290 588 nostrae
1308 557 1412 590 studia
1426 557 1568 590 libenter
1581 557 1830 597 convertimus¹;
1849 562 1896 590 at-

1163 617 1236 650 que,
1255 613 1289 640 ut
1308 608 1427 642 ibidem
1445 609 1623 642 christiana
1635 610 1753 652 religio
1771 609 1895 642 felicius

1162 658 1194 690 in
1221 659 1305 699 dies,
1331 661 1516 704 adspirante
1541 662 1674 704 superni
1700 662 1816 695 favoris
1839 672 1896 694 au-

1162 711 1247 752 xilio,
1274 712 1456 745 stabiliatur
1491 719 1522 746 ct
1550 719 1698 754 crescat,
1723 724 1894 747 concessae

1162 764 1258 797 nobis
1285 775 1302 796 a
1326 764 1462 798 Domino
1487 765 1657 808 potestatis
1687 771 1796 809 partes
1819 776 1896 809 pro-

1162 817 1265 859 pensa
1289 817 1447 851 charitate
1473 818 1729 862 interponimus,
1756 819 1847 861 sicut,
1862 829 1896 853 o·

1164 871 1292 904 mnibus
1317 875 1440 904 mature
1466 871 1702 914 consideratis,
1728 873 1766 906 ad
1792 872 1896 906 omni-

1163 924 1306 967 potentis
1332 924 1387 957 Dei
1413 924 1550 967 gloriam
1582 936 1618 958 ac
1641 926 1820 959 animarum
1848 936 1897 959 sa-

1163 978 1262 1010 lutem
1287 977 1484 1010 arbitramur
1508 978 1541 1010 in
1565 978 1702 1011 Domino
1727 979 1894 1022 expedire.

1207 1031 1222 1074 ἓ
1246 1030 1277 1063 i.
1296 1031 1382 1063 Alias
1401 1031 1562 1074 siquidem
1583 1031 1683 1064 felicis
1700 1032 1899 1065 recordatio·
1960 1042 2091 1076 ,aeternatur

1164 1084 1213 1116 nis
1238 1083 1418 1116 Alexander
1450 1084 1535 1127 Papa
1566 1084 1630 1116 vlit
1662 1070 2092 1127 praedeeessor‘ili-3⁴¹2222305¹.¹.¹-35

1164 1135 1304 1177 noster²‚
1324 1137 1420 1170 certis
1443 1142 1517 1170 tunc
1534 1137 1697 1180 expressis
1722 1137 1824 1170 causis
1845 1122 2091 1178 ad-sslssffisfiiilltlf

1165 1190 1288 1230 ductus,
1313 1200 1349 1222 ac
1374 1190 1566 1232 praesertim
1591 1190 1728 1233 provide
1753 1181 1944 1223 conside-*¹*

1164 1254 1238 1276 rans
1264 1243 1297 1275 in
1322 1243 1525 1286 amplissimo
1550 1253 1652 1286 regno
1676 1242 1837 1284 Sinai-um,
1863 1243 1897 1276 in

1165 1307 1228 1339 quo
1246 1295 1437 1328 catholicam
1463 1295 1560 1328 fidem
1576 1296 1671 1329 latius
1689 1295 1722 1328 in
1743 1295 1812 1328 dies
1827 1306 1900 1339 pro-

1164 1350 1277 1392 pagari
1295 1355 1475 1393 acceperat,
1493 1360 1590 1382 unam
1607 1350 1772 1382 dumtaxat
1790 1349 1900 1382 cathe-

1166 1403 1289 1435 dralem
1320 1403 1514 1443 ecclesiam,
1541 1413 1659 1446 nempe
1687 1402 1902 1436 Machaonen-

1166 1466 1245 1496 sem,
1272 1466 1352 1498 quae
1379 1455 1417 1488 de
1443 1455 1512 1488 iure
1529 1460 1720 1498 patronatus
1746 1454 1900 1487 carissimi

1166 1509 1198 1541 in
1212 1508 1338 1541 Christo
1351 1507 1406 1540 filii
1422 1507 1523 1540 nostri
1537 1508 1622 1540 Petri
1635 1507 1850 1550 Portugalliae
1871 1512 1902 1540 et

1167 1561 1392 1604 Algarbiorum
1406 1561 1491 1603 regis
1505 1560 1640 1594 illustris
1656 1571 1692 1594 ex
1713 1560 1901 1593 fundatione

1168 1616 1216 1648 vel
1241 1614 1407 1647 dotatione
1432 1625 1487 1647 seu
1513 1614 1686 1657 privilegio
1711 1614 1901 1657 apostolico,

1168 1668 1218 1701 cui
1243 1678 1305 1700 non
1333 1667 1555 1700 inveniebatur
1576 1673 1707 1700 eatenus
1732 1667 1765 1699 in
1790 1667 1901 1709 aliquo

1169 1722 1369 1763 derogatum,
1384 1731 1453 1753 esse
1468 1720 1726 1762 dignoscebatur,
1742 1719 1880 1763 reperiri
1893 1730 1900 1760 ;

1169 1775 1315 1816 adeoque
1353 1773 1439 1806 illius
1477 1772 1666 1816 episcopum
1702 1772 1902 1815 singularum

1169 1825 1332 1860 omnium3
1349 1826 1470 1859 vultus⁴
1495 1826 1665 1869 inspicere,
1684 1825 1801 1859 aliasve
1825 1825 1903 1859 boni

1169 1880 1311 1924 pastoris
1337 1885 1446 1922 partes
1471 1879 1606 1922 implere
1632 1879 1764 1913 minime
1784 1889 1902 1923 posse:

1171 1931 1461 1976 supplicationibus
1479 1931 1622 1964 eiusdem
1640 1931 1725 1964 Petri
1746 1931 1833 1975 regis
1851 1941 1904 1964 no·

1170 1986 1255 2019 mine
1273 1985 1333 2018 sibi
1352 1995 1452 2028 super
1473 1985 1536 2018 hoc
1560 1985 1728 2019 humiliter
1743 1984 1904 2028 porrectis

1170 2040 1352 2080 inclinatus,
1377 2039 1496 2083 oppida
1523 2040 1561 2072 de
1587 2040 1697 2072 Petam
1716 2040 1803 2072 etde
1821 2039 1904 2072 Nan·

1170 2094 1234 2126 kim
1254 2092 1435 2136 respective
1453 2098 1649 2136 nuncupata,
1670 2092 1703 2125 in
1724 2093 1838 2126 eodem
1857 2103 1904 2126 re-

1170 2157 1232 2190 gno
1250 2146 1432 2185 existentia,
1449 2145 1486 2178 ab
1504 2145 1667 2178 ordinaria
1680 2145 1904 2179 iurisdictione

1171 2206 1246 2233 tunc
1267 2205 1297 2232 et
1321 2209 1382 2242 pro
1412 2204 1558 2242 tempore
1584 2198 1749 2231 existentis
1777 2199 1904 2242 episco-

1169 2254 1202 2297 pi
1228 2252 1469 2286 Machaonensis
1495 2252 1686 2285 auctoritate
1722 2251 1903 2294 apostolica

1169 2311 1330 2350 perpetuo
1345 2305 1538 2347 segregavit,
1561 2304 1675 2344 divisit,
1690 2304 1852 2347 separavit
1872 2310 1904 2336 et

1171 2357 1419 2398 dismembravit,
1445 2357 1566 2401 illaque
1592 2357 1622 2389 in
1649 2357 1800 2398 civitates,
1818 2367 1903 2401 quae

1203 2457 1216 2482 1
1239 2455 1310 2482 Edit.
1330 2455 1409 2482 Main.
1431 2454 1496 2487 legit
1514 2454 1708 2481 convertimur
1723 2454 1763 2488 (R.
1784 2454 1834 2490 T.)-

1204 2500 1219 2526 2
1238 2499 1276 2526 Cf.
1297 2507 1378 2534 supra
1397 2506 1457 2533 pag.
1477 2497 1512 2525 53
1531 2502 1558 2524 et
1575 2498 1607 2525 57
1627 2504 1665 2528 (R.
1685 2499 1733 2533 T.).

1204 2544 1219 2571 3
1240 2543 1339 2570 Forsan
1358 2543 1453 2570 ovium
1473 2550 1520 2577 pro
1540 2543 1669 2569 omnium
1693 2543 1855 2577 legendum3
1874 2544 1902 2571 in

396 2590 455 2617 vide
481 2588 700 2617 constitutionem
729 2587 937 2623 precedenten1;
968 2592 993 2613 et
1022 2588 1054 2615 de
1084 2588 1129 2615 illa
1169 2587 1900 2623 loc.parall.legitursinyalorumsimpliciter(n.·r.).

396 2634 557 2662 vicariorum
577 2633 603 2660 in
623 2633 743 2667 Oriente,
766 2631 824 2659 vide
844 2635 1011 2667 sequentem.

1205 2634 1219 2659 4
1240 2632 1304 2659 Male
1321 2632 1362 2660 ed.
1376 2632 1453 2660 Maia.
1470 2631 1532 2667 legit
1544 2633 1636 2660 calla>-
1647 2640 1693 2667 pro
1706 2633 1798 2661 vultus
1808 2633 1900 2669 (αλκ).
