2254 3225
248 254 296 281 An.
315 253 344 280 c.
367 252 434 279 1092>
479 242 543 276 446

438 302 457 339 †

438 351 458 388 ,ἰ-

439 400 460 439 †
481 399 540 438 Ego
570 398 685 429 Marcus
715 397 860 429 Antonius
889 395 1067 427 Barhadicus
1098 392 1176 424 tituli

520 447 550 479 S.
573 447 724 478 Susannae
742 446 892 486 presbyter
907 444 1064 476 cardinalis
1078 442 1107 473 S.
1124 441 1177 472 Su-

520 506 629 527 sannae
651 496 801 536 promitto,
819 504 909 526 voveo
925 497 954 524 et
975 493 1052 524 iuro.

482 690 543 730 Ego
564 690 687 722 Ioannes
710 690 785 721 tituli
806 689 835 720 S.
852 688 931 719 Petri
954 687 984 718 in
1006 686 1103 717 Monte
1121 685 1178 715 Au—

520 749 570 770 reo
586 738 736 779 presbyter
750 737 906 768 cardinalis
920 736 955 767 de
970 736 1096 767 Gaessen
1112 743 1178 773 pro-

522 789 617 827 mitto,
641 798 731 819 voveo
753 792 781 817 et
803 787 880 817 iuro.

442 839 461 924 ’ἶ
482 886 540 925 Ego
562 886 593 916 P.
618 885 707 915 Maria
729 884 806 914 tituli
827 883 856 914 S.
880 882 1007 912 Marcelli
1031 880 1179 921 presbyter

523 932 680 962 cardinalis
707 931 878 962 Petruccius
910 928 1060 968 promitto,
1090 936 1179 958 voveo

522 985 550 1011 et
571 981 647 1012 iuro.

443 770 449 773 =
439 548 461 729 -ι-ψ-ι-μ
427 494 431 499 ’

444 1178 463 1214 †
486 1176 545 1215 Ego
567 1175 672 1215 Ioseph
694 1174 784 1206 Saens
807 1173 885 1204 tituli
900 1172 929 1203 S.
945 1172 1083 1203 Balbinae
1101 1179 1181 1210 pres—

525 1225 608 1264 byter
629 1223 789 1254 cardinalis
820 1223 855 1252 de
882 1221 1007 1260 Aguirre
1029 1220 1179 1260 promitte,

525 1283 615 1304 voveo
637 1277 665 1303 et
686 1273 760 1302 iuro.

444 1324 464 1360 ’ὶ-
484 1322 543 1361 Ego
565 1321 696 1351 Leander
717 1319 795 1350 tituli
824 1318 868 1349 Ss.
891 1318 970 1349 Nerii
1001 1320 1029 1347 et
1057 1316 1182 1347 Achillei

527 1369 678 1410 presbyter
719 1367 876 1398 cardinalis
910 1367 1058 1397 Coloretus
1091 1365 1183 1395 maior

526 1417 770 1458 poenitentiarius
792 1416 940 1456 promittO,
957 1424 1046 1444 voveo
1062 1419 1090 1444 et
1104 1414 1179 1443 iuro.

447 1471 465 1507 †
487 1468 545 1507 Ego
566 1468 742 1497 Fortunatus
764 1465 843 1495 tituli
864 1464 908 1495 Ss.
927 1463 1043 1494 Ioannis
1059 1467 1087 1492 et
1101 1463 1181 1492 Pauli

527 1515 679 1556 presbyter
714 1513 872 1545 cardinalis
903 1513 1001 1543 Carasa
1033 1512 1181 1551 promitto,

526 1575 616 1596 voveo
637 1569 665 1595 et
685 1565 761 1595 iuro.

448 1617 466 1654 †
488 1615 547 1654 Ego
568 1613 717 1644 Bandinus
738 1612 815 1642 tituli
838 1611 866 1641 S.
890 1609 1037 1640 pancratii
1063 1608 1183 1649 prosby-

527 1667 573 1693 ter
594 1662 750 1693 cardinalis
767 1660 950 1691 Panciaticus
966 1659 1112 1698 promitto,
1136 1668 1184 1688 vo-

526 1722 580 1743 veo
602 1717 630 1742 et
651 1712 727 1742 iuro.

448 1813 467 1849 †
488 1811 547 1850 Ego
568 1807 772 1840 Ferdinandus
795 1806 872 1837 tituli
887 1805 916 1836 S.
933 1804 1090 1836 Clementis
1105 1813 1185 1843 pres-

528 1857 610 1897 byter
642 1853 798 1885 cardinalis
829 1853 865 1883 de
891 1851 991 1882 Abdua
1024 1850 1182 1889 promitto,

528 1914 618 1936 voveo
636 1909 665 1934 et
686 1904 762 1933 iuro.

449 1956 467 1992 ’ἶ-
488 1954 546 1992 Ego
567 1953 715 1983 Tussanus
737 1950 813 1981 tituli
827 1949 856 1980 S.
873 1948 994 1987 Agnetis
1009 1951 1092 1977 entra
1108 1955 1186 1976 moe-

528 2002 574 2032 nia
604 2000 752 2041 presbyter
773 1997 928 2029 cardinalis
943 1997 977 2027 de
992 1996 1099 2026 Janson
1116 1996 1182 2025 For-

528 2051 578 2081 bin
602 2050 752 2090 promitto,
775 2056 864 2077 voveo
887 2050 915 2076 et
936 2046 1012 2075 iuro.

449 2103 468 2139 ’ἷ-
489 2101 547 2139 Ego
569 2100 691 2129 loannes
704 2097 830 2137 Baptista
849 2095 923 2126 tituli
944 2094 974 2125 S.
991 2093 1138 2123 Laurentii
1155 2093 1182 2122 in

528 2150 605 2179 Pane
627 2152 655 2178 et
677 2147 767 2176 Perna
784 2144 934 2185 presbyter
956 2141 1112 2173 cardinalis
1128 2143 1184 2171 llu-

529 2196 616 2226 binus
638 2195 786 2235 promitto,
810 2202 900 2222 voveo
921 2196 949 2221 et
970 2192 1046 2220 iuro.

450 2248 468 2284 †
489 2246 546 2284 Ego
576 2244 692 2274 loannis
720 2242 846 2280 Baptista
868 2241 896 2270 S.
914 2239 1083 2269 Anastasiae
1106 2247 1183 2277 pres-

530 2294 611 2332 byter
638 2291 798 2321 cardinalis
821 2290 992 2327 Costagutus
1023 2287 1161 2326 promitto
1176 2311 1182 2323 ,

529 2350 618 2372 voveo
640 2343 668 2370 et
690 2339 764 2369 iuro.

448 2394 468 2675 -k-k-7-09-3-÷

1016 244 1193 272 BULLARIEM
1217 241 1370 268 ROMANUM

1216 294 1234 331 †
1254 292 1312 330 Ego
1333 290 1468 320 Urbanus
1489 288 1518 319 S.
1540 286 1648 318 Mariae
1669 285 1699 316 in
1719 284 1831 315 Vialata
1853 283 1949 313 diaco·

1295 349 1350 369 nus
1369 338 1524 369 cardinalis
1543 336 1711 368 Sacchettus
1728 333 1877 374 promitto,
1900 339 1950 362 vo-

1296 397 1348 418 veo
1370 391 1399 418 et
1419 387 1494 418 iuro.

1218 581 1236 619 †
1255 580 1315 618 Ego
1336 580 1457 610 Fulvius
1478 579 1522 610 Ss.
1546 579 1665 610 Cosmae
1685 584 1714 610 et
1734 579 1865 610 Damiani
1892 578 1952 610 dia-

1297 638 1387 659 conus
1409 629 1566 659 cardinalis
1588 629 1726 660 Astallius
1741 629 1889 668 promitto,
1905 637 1953 659 vo-

1299 686 1349 707 veo
1370 681 1399 708 et
1418 677 1493 708 iuro.

1220 824 1237 861 †
1260 823 1318 862 Ego
1339 822 1444 854 Petrus
1464 823 1493 854 S.
1517 823 1666 854 Laurentii
1687 824 1718 855 in
1749 824 1870 855 Damaso
1895 823 1941 855 dia

1299 882 1391 903 conus
1426 873 1583 903 cardinalis
1613 873 1773 904 Ottobonus
1804 875 1833 904 S.
1862 874 1897 904 R.
1921 873 1952 903 E.

1299 921 1555 951 vicecancellarius
1571 922 1718 961 promitto,
1732 931 1821 952 voveo
1836 927 1865 952 et
1879 922 1953 952 iuro.

1220 971 1239 1007 †
1260 969 1318 1008 Ego
1340 969 1369 999 C.
1393 969 1422 1000 S.
1446 970 1551 1000 Mariae
1580 970 1611 1000 in
1638 970 1790 1001 Cosmedin
1817 970 1956 1001 diaconus

1301 1018 1457 1048 cardinalis
1478 1018 1596 1049 Bichius
1618 1019 1756 1059 promitto
1772 1043 1780 1059 ‚
1813 1028 1903 1050 voveo
1929 1022 1958 1049 et

1302 1074 1378 1096 lUl‘O·

1223 1165 1241 1201 †
1262 1163 1320 1202 Ego
1342 1163 1475 1203 Aloysius
1496 1163 1526 1195 S.
1549 1163 1656 1194 Mariae
1677 1164 1708 1194 in
1730 1163 1845 1194 Porticu
1862 1163 1960 1194 diaco-

1302 1222 1357 1242 nus
1379 1213 1536 1243 cardinalis
1558 1213 1722 1243 Homodeus
1744 1213 1892 1252 promitto,
1911 1222 1960 1242 vo-

1302 1270 1355 1291 veo
1378 1267 1407 1292 et
1422 1263 1498 1292 iuro.

1224 1311 1241 1347 ῒ
1261 1310 1320 1348 Ego
1342 1310 1464 1340 Ioannes
1485 1310 1658 1340 Franciscus
1677 1311 1706 1340 S.
1723 1310 1843 1340 Adriani
1865 1310 1960 1340 diaco-

1303 1369 1358 1389 nus
1380 1359 1537 1389 cardinalis
1558 1359 1687 1389 Albanus
1703 1360 1851 1399 promitto,
1872 1368 1960 1389 voveo

1304 1412 1331 1438 et
1354 1408 1430 1438 iuro.

1225 1458 1242 1493 †
1266 1457 1323 1495 Ego
1345 1456 1517 1486 Franciscus
1535 1456 1564 1487 S.
1579 1457 1684 1495 Angeli
1699 1457 1730 1486 in
1745 1456 1818 1486 Foro
1833 1456 1960 1486 Piscium

1303 1505 1442 1535 diaconus
1453 1504 1608 1535 cardinalis
1623 1504 1800 1535 Barberinus
1811 1504 1959 1544 promitto,

1303 1563 1392 1584 voveo
1414 1558 1441 1584 ot
1462 1554 1537 1584 iuro.

1225 1605 1242 1641 †
1263 1603 1321 1642 Ego
1343 1603 1515 1633 Laurentius
1536 1603 1565 1633 S.
1590 1602 1696 1632 Mariae
1718 1602 1748 1632 in
1770 1601 1882 1641 Aquiro
1903 1601 1962 1632 dia-

1304 1662 1394 1682 conus
1422 1651 1579 1682 cardinalis
1602 1652 1636 1682 de
1658 1652 1778 1682 Alteriis
1810 1651 1960 1691 promitto,

1305 1710 1396 1732 voveo
1418 1705 1446 1731 et
1463 1701 1539 1731 iuro.

1543 1837 1651 1870 XXIX.

1228 1907 1472 1951 Confirmantur
1495 1907 1620 1941 decreta
1643 1906 1784 1950 capituli
1801 1905 1961 1950 yeneralis

1270 1966 1298 1995 et
1324 1961 1588 2005 Conqreyaliom's
1612 1962 1830 2004 episcoporum
1861 1964 1889 1992 et
1913 1970 1962 1991 re-

1269 2015 1439 2059 qularium
1475 2025 1535 2057 pro
1574 2013 1785 2046 celebratione
1823 2012 1962 2055 capituli

1267 2068 1480 2112 provincialis
1511 2068 1654 2110 fratrum
1686 2065 1961 2099 Discalceatorum

1268 2122 1373 2154 sancti
1408 2120 1588 2164 Auyuslim'
1615 2119 1802 2162 provinciae
1832 2118 1961 2152 Germa-

1268 2173 1367 2207 m'ae.¹

1401 2243 1600 2272 Innocentius
1620 2243 1698 2277 Papa
1716 2243 1780 2277 ΧΠ,

1372 2290 1408 2317 ad
1427 2289 1559 2316 futuram
1579 2288 1623 2316 rei
1644 2288 1825 2315 memoriam.

1268 2352 1283 2396 g
1300 2349 1456 2394 1.Nuper,
1471 2361 1530 2393 pro
1546 2355 1637 2394 parte
1651 2349 1760 2382 dilecti
1778 2348 1833 2382 filii
1846 2358 1959 2392 procu-

1225 2405 1343 2438 ratoris
1362 2404 1522 2447 generalis
1551 2401 1821 2444 Congregationis
1847 2401 1956 2434 ltaliae

1204 2501 1206 2507 ⁴
1227 2460 1359 2491 fratrum
1368 2456 1495 2490 Ordinis
1513 2455 1723 2488 Eremitarum
1737 2454 1838 2487 sancti
1854 2455 1956 2497 Augu-

1203 2541 1205 2580 ξ
1259 2541 1270 2566 1
1294 2537 1395 2565 Eadem
1415 2536 1527 2564 facultas
1545 2542 1676 2562 concessa
1694 2534 1745 2561 fuit
1763 2534 1881 2561 eremitis
1896 2533 1955 2560 Dis·

1203 2581 1205 2632 f
1223 2583 1348 2611 calceatis
1367 2580 1586 2616 Congregationis
1606 2579 1695 2606 ltaliae
1721 2586 1737 2605 a
1761 2578 1897 2605 Clemente
1920 2577 1953 2604 x!

1203 2633 1310 2674 [venst-
1331 2627 1372 2657 ed.
1395 2632 1488 2669 NDCCl,
1510 2625 1552 2652 die
1572 2624 1606 2652 30
1624 2623 1725 2661 aprilis,
1746 2623 1841 2659 pontis.
1863 2630 1882 2650 1.

1957 232 2006 260 An.
2022 232 2050 259 C.
2072 231 2140 259 1602

1996 2356 2105 2376 meretum
2116 2362 2149 2376 ra-

1968 2383 2028 2408 pituli
2039 2385 2149 2409 grum-ilis.
