2227 3225
158 215 206 241 An.
222 213 250 241 C.
274 214 337 241 4691

931 211 1140 235 tNNottm‘t'tt's
1169 212 1209 234 ,ΧΗ
1237 213 1282 234 Μ’.

350 261 547 299 subjicimus,
563 265 597 293 ut
616 260 648 292 in
667 259 727 292 sine
747 259 888 292 omnium
905 259 1083 292 litterarum
1105 266 1107 269 ·

350 324 479 347 suarum
498 323 552 346 scu
571 313 804 356 scripturarum
821 311 1084 345 testimonialium

350 376 435 400 anno
457 365 584 399 Domini
602 371 745 409 apponat
764 366 859 398 etiam
878 376 995 397 annun·
1020 365 1087 396 sun-

350 419 490 453 dationis
514 419 642 453 Ordinis
669 419 717 451 his
744 418 868 451 verbis:
887 419 911 452 A
936 417 1084 449 ‹lanx-censu

351 483 422 505 vero
446 477 475 505 et
503 472 713 515 apparitione
731 471 947 515 ,beatissimae
972 478 999 503 cl
1025 471 1085 503 im·-

350 526 534 559 maculatae
570 526 714 569 Viryi'm's
747 525 874 558 Mariae
903 525 945 557 ad
967 524 1087 567 funda—

351 579 465 612 tionem
498 580 601 612 nostri
637 578 771 613 Ordinis
796 589 884 611 aimo
910 579 966 617 N,
989 588 1084 621 quam

350 633 475 677 pariter
499 633 538 665 ab
563 633 726 666 universis
748 632 820 665 aliis
848 633 1003 675 praelatis
1030 631 1086 664 ob-

349 686 468 719 servari
493 685 721 729 praecipim11S‚
747 691 780 718 ut
805 685 938 728 antiqua
959 684 1085 717 Ordinis

350 739 551 773 consuetudo
588 739 627 771 ab
663 738 767 781 ipsius
803 737 914 770 limine
952 737 1085 770 indm-ta

350 803 412 825 non
439 797 564 834 pereat,
593 797 765 834 tantaeque
795 790 901 823 Matris
927 789 1086 833 dignatio-

349 845 382 878 ni
409 845 492 877 istud
519 845 566 877 vel
593 844 790 877 levissimum
817 842 1009 887 obsequium
1036 842 1086 875 de-

350 898 505 931 seramus.

392 960 461 984 vui.
480 949 630 993 Magister
644 950 808 993 generalis
824 954 933 993 potest
947 949 1084 982 ulterius

349 1003 538 1046 praesidere
563 1002 715 1046 capitulis
733 1002 941 1045 generalibus
963 1007 994 1034 et
1015 1012 1086 1045 pro·

348 1055 542 1089 vincialibus
566 1065 626 1099 per
649 1066 683 1088 se
716 1055 821 1098 ipsum
847 1056 897 1087 vel
923 1065 1014 1087 suum
1040 1055 1085 1087 ri-

350 1109 473 1142 carium
498 1108 538 1141 ad
563 1107 595 1141 id
621 1107 660 1140 ab
685 1118 723 1141 eo
749 1108 936 1151 specialiter
952 1108 1088 1150 deputa-

351 1168 428 1201 tum,
455 1168 487 1195 et
514 1171 627 1195 vocem
647 1161 779 1204 quidem
799 1161 917 1194 habeat
936 1167 998 1194 tam
1018 1161 1085 1205 ipse

351 1226 447 1260 quam
473 1216 543 1248 eius
567 1215 704 1248 vicarius
729 1215 761 1247 in
787 1215 938 1247 omnibus
955 1215 1088 1248 electio-

350 1269 456 1309 nibus,
482 1268 743 1301 orlinationibus
769 1273 800 1300 et
825 1267 1015 1301 delinitoriis
1038 1279 1088 1301 us-

351 1332 413 1365 que
438 1321 476 1354 ad
493 1321 733 1354 absolutionem
752 1320 921 1363 utriusque
939 1321 1084 1363 capituli.

393 1383 436 1407 lx.
464 1373 662 1416 properante
693 1373 755 1405 iam
786 1378 930 1416 tempore
955 1374 1088 1407 electio-

349 1425 400 1459 nis
435 1425 657 1470 provincialis,
685 1426 804 1469 poterit
836 1426 905 1469 ipse
931 1426 1088 1468 magister

349 1489 530 1513 convocare
544 1479 582 1512 ad
598 1479 855 1512 celebrationem
871 1480 1003 1523 capituli
1019 1491 1088 1523 pro-

349 1532 506 1573 vincialis,
531 1532 691 1565 mittendo
727 1533 912 1566 immediate
937 1544 1010 1565 suas
1035 1534 1087 1566 lit·

350 1591 435 1619 teras
460 1586 522 1629 ipsi
541 1585 744 1629 provinciali,
768 1586 823 1629 qui
842 1586 912 1619 illas
932 1587 1086 1620 continno

349 1639 534 1672 manifestet
568 1639 790 1682 capitulariter
825 1639 995 1672 conventui
1031 1639 1084 1672 ubi

350 1692 466 1725 adesse
503 1691 696 1734 contigerit;
736 1692 820 1735 ipsas
857 1702 931 1725 vero
967 1692 1084 1726 deiude

349 1745 455 1778 mittat
479 1745 569 1779 illico
595 1745 632 1778 ad
660 1755 772 1778 omnes
802 1746 882 1778 alios
909 1751 1086 1779 conventus

349 1803 383 1831 ut
408 1798 531 1831 cunctis
555 1797 720 1831 vocalibus
745 1798 965 1831 innotescant.

393 1861 424 1884 x.
451 1850 593 1883 Ulterius
619 1851 651 1883 in
677 1851 905 1884 concurrentia
931 1851 1087 1895 capitulo-

353 1913 422 1936 rum
437 1903 685 1947 provincialium
700 1909 807 1947 potest
825 1904 1087 1947 magisterquod-

351 1957 432 1991 libet
456 1967 566 1990 eorum
592 1963 790 2000 anteponere
816 1958 865 1990 vel
892 1963 1087 2001 postponere

350 2019 411 2054 per
425 2015 490 2043 tres
508 2019 638 2043 menses
655 2020 671 2042 a
689 2010 930 2052 complemento
946 2010 1086 2050 triennii,

351 2068 386 2095 ut
409 2061 464 2095 uni
489 2067 522 2095 et.
545 2062 638 2095 alteri
664 2062 822 2095 interesse
847 2062 967 2106 possit,
990 2063 1084 2096 dum-

350 2115 447 2149 modo
478 2115 603 2149 nullum
637 2125 654 2148 a
687 2115 738 2148 die
771 2115 896 2148 sabbati
922 2116 1087 2148 distrahat.

351 2167 443 2206 Quod
474 2168 571 2201 etiam
602 2173 770 2212 praestare
807 2169 911 2201 valeat
945 2169 1111 2211 quamvis:

352 2231 418 2255 non
450 2220 490 2254 sit
522 2221 749 2254 concurrentia
773 2221 1006 2264 capitulorum,
1033 2222 1087 2254 sed

352 2273 482 2307 unicum
507 2273 669 2306 dumtaxat
693 2274 937 2313 celebrandum,
964 2274 989 2306 si
1016 2275 1090 2308 alio-

353 2328 432 2372 quin
457 2327 518 2361 sibi
552 2328 656 2361 visum
683 2328 777 2361 fuerit
808 2329 973 2371 expedire.
1000 2329 1089 2362 Ultra

355 2387 461 2414 tamen
488 2380 591 2414 dictos
627 2386 690 2414 tres
724 2392 853 2415 menses
888 2392 953 2415 non
988 2382 1089 2425 possit

354 2434 507 2477 magister
531 2435 694 2477 generalis
719 2434 858 2478 capitula
876 2435 1088 2479 provincialia

355 2491 556 2530 anteponere
581 2497 640 2521 nec
665 2492 878 2531 postponere.

397 2549 442 2573 xl.
476 2539 590 2572 Adhuc
622 2540 660 2573 ad
686 2540 874 2583 magistrum
899 2541 1086 2584 pertinebit,

354 2596 389 2626 ut
415 2603 488 2627 vere
501 2591 628 2626 Ordinis
652 2600 788 2637 patrem,
805 2593 830 2626 si
847 2604 1004 2637 praesens
1022 2595 1089 2628 sue-

1772 205 1820 218 15⁸*

1760 215 1824 237 Lm.»

1128 259 1166 290 rit
1192 258 1415 299 electionibus,
1443 261 1601 294 electores
1628 262 1779 305 dirigere,
1805 276 1860 297 eos

1128 311 1286 351 modeste,
1304 311 1357 355 pie
1379 317 1408 345 et
1424 312 1576 354 religiose
1598 316 1774 355 monendo,
1794 317 1861 350 hor-

1129 363 1224 396 tando
1252 368 1283 395 et
1307 364 1499 398 instruendo
1535 372 1630 409 atque
1661 368 1758 400 etiam
1783 380 1859 411 vage

1128 415 1296 449 suadendo
1322 416 1360 449 ad
1396 417 1583 459 eligendum
1616 430 1791 462 personam
1816 423 1862 454 di-

1127 468 1273 510 gniorem
1306 475 1337 502 et
1368 471 1469 512 magis
1495 470 1660 512 idoneam,
1694 473 1794 516 ipsius
1819 481 1864 507 ut-

1128 532 1264 565 cumque
1300 523 1435 556 virtutes
1477 525 1627 567 regimini
1663 529 1863 561 necessarias

1128 575 1259 618 capituli
1286 577 1489 610 disserendo.
1509 578 1539 610 Si
1559 585 1663 612 autem
1688 591 1752 613 non
1767 581 1862 614 inter-

1129 628 1237 669 fuerit,
1264 629 1294 662 id
1321 629 1426 673 ipstnn
1447 641 1506 673 per
1531 631 1656 664 litteras
1682 633 1719 666 ad
1741 634 1864 677 capitu-

1128 681 1191 713 lum
1217 692 1275 714 seu
1300 684 1459 716 electores
1484 683 1598 717 missas
1619 686 1733 718 eadem
1759 687 1864 719 chari-

1129 737 1202 773 tate,
1221 745 1303 776 quae
1321 746 1485 779 nunquam
1504 737 1569 780 agit
1586 748 1764 781 perperam,
1777 749 1865 782 prae·

1128 790 1212 819 stare
1239 787 1362 820 licebit.

1170 850 1225 873 ΧΠ.
1253 840 1344 879 Quod
1370 841 1396 873 si
1423 843 1585 876 electores
1614 844 1646 876 in
1671 845 1863 888 provinciali

1127 893 1269 935 capitulo
1301 896 1488 939 congregati
1524 897 1608 930 intra
1641 903 1705 931 tres
1743 898 1813 931 dies
1847 910 1864 932 a

1127 946 1230 989 primo
1256 948 1418 981 exclusive
1444 950 1482 982 ad
1502 951 1696 984 electionem
1719 951 1866 994 designa-

1128 1005 1189 1032 tam
1217 1001 1255 1033 de
1281 1006 1419 1045 persona
1445 1003 1597 1046 eligenda
1623 1015 1686 1037 non
1708 1015 1866 1038 convene-

1129 1053 1202 1092 rint,
1216 1054 1393 1088 velelectio
1412 1066 1475 1088 non
1493 1056 1534 1088 sit
1552 1056 1633 1089 sacta
1652 1057 1737 1090 iuxta
1755 1068 1866 1091 saeros

1128 1116 1280 1149 canoneS,
1306 1109 1553 1143 constitutio·1es
1571 1116 1603 1143 et
1621 1111 1752 1144 decreta
1773 1111 1867 1145 Ordi-

1129 1158 1187 1199 nis,
1214 1165 1308 1203 atque
1334 1161 1417 1194 adeo
1442 1162 1482 1194 sit
1507 1162 1575 1196 iure
1601 1164 1765 1203 cassanda,
1791 1170 1867 1197 tunc

1129 1211 1178 1243 ius
1205 1212 1347 1255 eligendi
1373 1214 1606 1257 provincialem
1633 1217 1814 1250 devolvitur
1834 1217 1866 1250 in

1129 1265 1324 1308 magistrum,
1351 1268 1404 1311 qui
1430 1268 1522 1302 illum
1547 1269 1717 1303 confestim
1743 1271 1865 1314 eligere

1131 1323 1290 1353 teneatur.

1172 1381 1238 1405 xt11.
1267 1372 1420 1415 Magister
1451 1375 1615 1416 generalis
1648 1376 1745 1409 debet
1770 1377 1865 1411 etiam

1129 1425 1324 1458 confirmare
1350 1427 1543 1460 electionem
1568 1429 1678 1461 vicarii
1701 1431 1866 1472 generalis

1129 1483 1257 1511 nostrae
1283 1478 1535 1513 Recollectionis
1553 1481 1592 1523 (si
1618 1482 1716 1515 suerit
1740 1484 1868 1517 canoni-

1128 1532 1178 1573 ca)
1203 1532 1287 1564 intra
1304 1532 1372 1565 dies
1398 1533 1583 1576 quindecim
1609 1546 1626 1567 a
1651 1536 1754 1578 primo
1773 1547 1867 1580 prae-

1128 1585 1329 1624 sentationiS,
1342 1591 1373 1618 et
1389 1591 1498 1629 patres
1515 1588 1703 1630 praedictae
1726 1589 1865 1624 familiae

1129 1637 1212 1670 intra
1235 1645 1301 1672 tres
1334 1648 1460 1671 menses
1491 1649 1508 1671 a
1540 1639 1591 1672 die
1618 1641 1787 1675 electionis
1820 1648 1867 1676 te·

1128 1696 1250 1723 nentur
1274 1697 1484 1734 praesentare
1517 1692 1604 1726 illam
1629 1694 1787 1736 magistro
1813 1706 1867 1738 ge-

1129 1744 1229 1776 nerali
1249 1754 1307 1786 pro
1321 1743 1388 1776 eius
1412 1744 1656 1779 confirmatione
1676 1747 1866 1791 obtinenda,

1130 1807 1165 1829 ex
1193 1797 1370 1830 concordia
1406 1797 1491 1831 inter
1515 1804 1687 1843 utramque
1712 1801 1866 1836 familiam

1129 1859 1146 1881 a
1170 1849 1327 1892 Gregorio
1353 1850 1403 1883 XV
1423 1850 1626 1885 confirmata.

1173 1912 1238 1936 xw.
1266 1902 1421 1936 Similiter
1449 1904 1546 1937 debet
1578 1905 1754 1940 elec-tiones
1789 1917 1866 1950 pro-

1130 1955 1316 1988 vincialium
1349 1957 1410 1990 rite
1447 1957 1545 1990 saetas
1584 1958 1790 1999 confirmare,
1816 1962 1865 1994 vel

1131 2009 1292 2042 desectum
1319 2020 1429 2043 earum
1453 2011 1638 2052 ostendere,
1651 2017 1748 2056 atque
1768 2013 1864 2047 etiam

1131 2062 1249 2105 prioris
1267 2063 1542 2097 Barchinonensis
1563 2064 1589 2097 si
1611 2064 1650 2097 sit
1668 2076 1797 2109 qnoque
1815 2078 1867 2100 ca-

1109 2127 1111 2139 *
1131 2115 1249 2148 nonice
1274 2116 1456 2158 celebrata,
1475 2117 1507 2149 in
1532 2128 1596 2160 qua
1621 2123 1726 2152 tamen
1749 2120 1775 2152 si
1797 2131 1867 2153 con·

1131 2169 1298 2201 rentuales
1325 2169 1363 2201 de
1382 2171 1524 2212 persona
1542 2170 1692 2213 eligenda
1709 2182 1775 2205 non
1793 2183 1867 2206 con-

1133 2223 1282 2255 venerint
1305 2222 1389 2254 intra
1415 2233 1571 2263 mensem,
1586 2223 1635 2257 ius
1654 2224 1795 2268 eligendi
1813 2227 1867 2259 de-

1132 2276 1270 2309 volvitur
1306 2276 1337 2308 in
1364 2276 1549 2318 generalem
1575 2278 1783 2319 magistrum,
1810 2280 1866 2322 qui

1131 2329 1264 2361 vicarios
1290 2328 1506 2371 provinciales
1536 2329 1567 2361 in
1594 2329 1788 2372 quibusdam
1815 2343 1867 2365 ca-

1131 2382 1219 2414 sibus
1244 2381 1379 2414 inserius
1396 2391 1468 2425 cap.
1487 2392 1526 2415 xv
1544 2382 1640 2415 huius
1663 2383 1738 2416 dist.
1762 2384 1868 2428 expri-

1131 2434 1258 2468 mendis
1281 2445 1391 2468 creare
1409 2435 1525 2478 possit,
1543 2435 1638 2468 sicuti
1668 2442 1699 2469 et
1727 2437 1759 2469 in
1792 2448 1866 2480 pro-

1132 2489 1254 2528 vincia,
1280 2499 1363 2532 quae
1387 2488 1428 2521 ob
1461 2488 1671 2531 provincialis
1698 2489 1865 2523 decessum

1131 2541 1254 2584 regitur
1279 2551 1336 2584 per
1348 2540 1502 2573 vicarium
1520 2541 1751 2584 provincialem
1769 2543 1808 2574 ab
1827 2554 1865 2575 eo

1132 2594 1290 2634 relictum,
1303 2594 1472 2637 designare
1493 2594 1645 2626 vicarium
1668 2596 1864 2637 generalem,

1871 220 1917 243 lu.
1936 218 1961 243 (Iv

1989 222 2006 243 tt
2019 222 2047 246 υἱ
