2227 3225
903 194 999 220 INDEX
1026 196 1224 222 RUBRICARUM

1724 192 1787 227 993

384 241 483 276 riatus
507 243 537 277 S.
557 243 590 277 R.
609 243 653 285 E„
668 253 738 277 cum
758 243 1038 282 dismembratione
1065 251 1068 302 f
1092 248 1204 283 CLXX.
1230 249 1438 284 Confirmatur
1463 251 1623 286 decretum
1648 254 1829 299 Congrega-

383 297 619 341 quamplurium
636 297 702 331 eius
720 298 910 341 reddituum,
936 301 1039 334 Came-
1065 309 1066 347 ξ

383 359 437 383 rae
460 350 659 393 Apostolicac
691 357 721 384 et
748 353 955 386 aromatariac
981 365 1038 397 pro

380 401 574 445 pauperibus
590 403 680 438 L'rbis
701 405 945 450 adscriptorum,
962 406 1036 440 829.

296 454 408 489 CLXII.
441 456 664 492 Reformantur
693 460 932 497 constitutiones
963 460 1034 495 Cle—

1181 303 1273 336 tionis
1311 304 1533 348 episcoporum
1571 311 1600 341 et
1636 309 1831 352 regularium

1180 356 1263 390 circa
1299 357 1484 392 elcehonem
1523 360 1642 393 abbatis
1676 363 1832 405 generalis

1180 410 1407 444 monachorum
1441 413 1470 446 S.
1504 413 1685 459 Hieronymi
1718 416 1749 448 iu
1780 417 1832 450 IIi-

1179 464 1300 507 spanist,
1326 464 1399 498 855.

381 509 495 543 mentis
521 510 583 544 VIII
610 516 639 546 et
666 512 751 546 Pauli
779 514 801 545 V
828 524 922 558 super
947 514 1033 558 regi-
1063 521 1065 568 l
1090 515 1216 550 CLXXI.
1249 518 1485 552 Confiruiantur
1520 526 1661 564 patentes
1696 523 1831 557 ministri

382 562 465 596 mine
488 563 518 597 S.
545 564 661 599 Domus
683 570 711 601 et
732 567 866 601 civitatis
893 569 1038 602 Laui-eta·
1063 569 1065 606 ἶ

382 626 452 658 nae,
477 616 551 651 834.

293 668 390 704 CLIII.
415 670 628 706 Confirmatur
653 674 822 708 eoncordia
847 675 1035 719 circandivi-

383 724 502 758 sionem
521 726 748 761 coenobiorum
773 734 802 761 et
819 729 1035 762 alternativam
1062 722 1063 759 ζ

382 778 560 812 officiorum
599 781 678 813 iuter
710 782 822 816 fratres
855 783 1037 826 provinciae

383 831 548 866 Narbonae
565 839 595 866 et
612 834 813 878 Burgundiae
831 836 955 870 Ordinis
974 848 1036 870 cre·
1062 867 1063 872 ,

383 886 533 920 mitarum
559 887 588 922 S.
618 889 795 932 Augustini,
821 890 894 924 839.

291 937 411 972 CLXIV.
438 939 673 975 Confirmantur
699 944 761 977 duo
794 944 919 978 decreta
946 945 1035 978 mini-
1062 963 1063 971 κ

385 992 439 1027 stri
453 995 610 1036 generalis
628 995 711 1029 circa
730 997 900 1040 hospitium
921 998 949 1030 in
969 1008 1035 1031 coc·
1061 994 1063 1014 ³

382 1046 478 1081 nobio
502 1047 540 1081 de
564 1050 705 1083 Aracaeli
727 1050 765 1083 de
791 1051 875 1084 L'rbc
902 1062 960 1095 pro
978 1052 1036 1085 sra-

382 1099 482 1133 tribus
505 1102 746 1145 provinciarum
771 1103 931 1137 Indiarum
951 1104 1035 1138 Occi-

381 1152 553 1187 dentalium
591 1155 717 1189 Ordinis
747 1157 902 1190 Minorum
937 1159 1034 1192 sancti
1061 1166 1063 1187 t

381 1205 539 1241 Francisci
565 1208 603 1242 de
627 1209 843 1252 observantia,
871 1211 944 1245 842.

293 1257 400 1293 CLXV.
422 1260 635 1295 Confirmatur
652 1264 808 1298 restitutio
826 1271 962 1308 quatuor
985 1277 1034 1299 as-

380 1313 558 1348 sistentium
584 1317 781 1359 generalium
808 1318 932 1351 Ordinis
952 1319 982 1352 B.
997 1319 1033 1352 M.

380 1367 517 1411 Virginis
543 1369 580 1402 de
606 1370 708 1403 Monte
734 1371 888 1412 Carmelo‚
915 1372 989 1406 846.

292 1420 414 1454 CLXVI.
441 1421 654 1456 Confirmatur
678 1424 838 1458 decretum
859 1426 1034 1471 Cougrcga-
1061 1436 1062 1443 ¹

381 1475 475 1509 tionis
511 1478 736 1522 episcoporum
774 1486 801 1513 et
839 1481 1033 1524 regularium

381 1539 440 1572 pro
472 1531 656 1564 executione
693 1533 822 1565 alterius
855 1534 972 1566 decreti
1005 1540 1035 1567 et

380 1583 614 1618 constitutionis
640 1585 808 1619 Clementis
833 1587 857 1619 X
883 1587 966 1620 circa
990 1588 1033 1620 al-

381 1637 568 1671 ternativam
601 1639 779 1673 officiorum
814 1641 843 1673 in
869 1642 1033 1684 provincia

379 1688 564 1723 Cantabriae
597 1691 723 1725 Ordinis
756 1693 785 1726 S.
811 1693 970 1727 Francisci
995 1695 1033 1728 de

379 1741 596 1785 Observantia,
622 1745 698 1778 847.

256 1836 266 1843 .
289 1794 427 1829 CLXVII.
446 1796 659 1832 Confirmatur
676 1799 839 1833 decretum
857 1801 1034 1845 Congrege-

382 1850 475 1884 tionis
500 1851 720 1896 episcoporum
740 1858 769 1888 et
789 1855 982 1897 regularium
1002 1857 1033 1889 in
1059 1883 1061 1894 ,

381 1906 475 1938 causa
498 1905 645 1938 Lusitana
670 1918 729 1951 pro
754 1909 937 1942 executione
963 1920 1034 1943 con-

379 1957 550 1992 stitutionis
574 1959 742 1994 Clementis
767 1962 792 1994 X
816 1973 874 2006 pro
899 1962 1032 1996 Ordina-

378 2010 434 2044 riis
451 2018 561 2045 contra
578 2014 785 2048 confessarios
810 2015 974 2059 regulares
992 2016 1031 2049 ab

378 2064 448 2098 aliis
472 2067 672 2110 approbatos,
698 2067 772 2102 849.

290 2115 440 2151 CLXVIII.
459 2119 616 2153 Avocatur
632 2132 725 2155 causa
750 2133 822 2156 cum
841 2123 1032 2157 extinctione

379 2172 441 2206 litis
455 2178 484 2206 et
501 2173 703 2218 impositione
724 2177 839 2210 silentii
853 2188 947 2221 super
965 2188 1032 2211 exe-

379 2227 504 2261 cutione
528 2228 730 2263 alternativae
754 2230 787 2263 in
811 2232 973 2275 provincia
991 2233 1033 2265 Ia-

378 2281 490 2314 nuensi
504 2282 635 2315 fratrum
654 2283 809 2317 Minorum
824 2286 923 2319 sancti
940 2286 1033 2319 Fran-

378 2333 453 2367 cisci
478 2334 517 2368 de
541 2335 745 2370 Observantia
761 2338 1029 2381 Reformatorum‚

290 2437 414 2474 CLXIX.
440 2441 641 2483 Prohibetur,
658 2454 696 2477 ne
721 2444 834 2478 fratres
859 2446 1029 2490 Capuccini

378 2499 536 2529 transeant
549 2496 586 2529 ad
601 2497 692 2530 aliam
714 2499 901 2542 religionem
919 2506 1030 2534 contra

378 2548 511 2583 formam
536 2550 568 2583 in
593 2551 816 2586 constitutione
833 2553 949 2586 L'rbani
964 2554 1029 2588 Vltl

377 2605 618 2648 praescriptam,
644 2605 718 2639 853.

447 2665 528 2696 Butt.
543 2667 627 2699 Rom·
641 2683 676 2693 —
695 2669 754 2700 Vol.
771 2669 830 2701 XX.
961 2672 1011 2701 225

1179 571 1335 613 generalis
1353 572 1478 606 Ordinis
1503 575 1601 607 sancti
1619 575 1776 609 Francisci
1794 576 1832 610 (le

1178 623 1382 659 Observantia
1400 626 1484 660 circa
1502 638 1593 661 usum
1614 628 1771 662 librorum
1790 630 1832 663 di-

1178 676 1239 710 vini
1258 678 1352 711 oflicii
1372 691 1430 724 pro
1447 681 1510 713 suis
1537 682 1693 726 religiosis
1719 684 1833 718 utritts-

1178 741 1238 774 que
1264 743 1366 774 sexuS,
1392 733 1466 767 857.

1090 782 1229 818 CLXXII.
1255 786 1465 821 Contirmatur
1482 789 1664 824 constitutio
1691 791 1832 825 Clemen-

1179 838 1217 871 tis
1242 839 1305 872 VIII
1331 847 1440 874 eontra
1471 847 1660 886 occupantes
1687 845 1732 877 vel
1758 856 1831 888 per-

1178 892 1339 927 turbantes
1374 896 1457 929 bona
1491 897 1752 940 Congregationis
1793 899 1831 933 de

1178 947 1338 980 Alcobatia
1357 948 1483 983 Ordinis
1504 950 1719 986 Cisterciensis
1738 953 1768 985 in
1787 965 1832 987 rc-

1176 1011 1239 1043 gno
1265 1002 1485 1046 Portugalliae‚
1512 1004 1586 1038 860.

1088 1052 1241 1088 CLXXIII.
1264 1056 1441 1100 imponitur
1458 1064 1646 1102 perpetuum
1672 1060 1830 1094 silentium

1177 1117 1273 1151 super
1298 1111 1483 1153 quaestione
1508 1111 1546 1144 de
1572 1113 1764 1147 institutione
1778 1114 1831 1148 Or-

1177 1161 1258 1194 dinis
1274 1162 1514 1198 Carmelitarum
1541 1177 1557 1198 a
1581 1167 1746 1211 prophetis
1766 1168 1831 1202 Elia

1177 1220 1207 1248 et
1232 1215 1345 1257 Elisco,
1372 1217 1445 1251 863.

1089 1267 1239 1302 CLXXIV.
1266 1270 1416 1305 Statuitur
1441 1278 1474 1305 ut
1499 1274 1642 1306 canonici
1668 1276 1831 1318 regulares

1177 1323 1438 1367 Congregationis
1486 1327 1655 1371 Hispaniae
1707 1328 1831 1364 Ordinis

1178 1376 1497 1413 praemonstratensis
1543 1387 1604 1414 tam
1650 1383 1681 1414 in
1723 1383 1831 1417 habitu

1176 1441 1269 1474 quam
1289 1432 1319 1464 in
1337 1433 1449 1466 ceteris
1467 1445 1538 1467 cum
1563 1435 1632 1468 aliis
1658 1436 1830 1470 uniformes

1175 1483 1246 1524 sint,
1268 1484 1341 1518 865.

1088 1534 1222 1570 CLXXV.
1251 1537 1462 1572 Confirmatur
1487 1542 1671 1584 aggregatio
1697 1543 1831 1587 Congre-

1176 1590 1311 1633 gationis
1331 1592 1359 1625 S.
1378 1592 1498 1626 Patritii
1525 1594 1555 1626 in
1581 1595 1731 1628 Hibernia
1750 1597 1829 1631 Con-

1175 1645 1352 1687 gregationi
1379 1647 1604 1680 canonicorum
1634 1649 1830 1692 regularium

1175 1696 1431 1731 Lateranensium
1450 1710 1522 1732 cum
1547 1701 1732 1734 eorumdem
1755 1713 1829 1736 con-

1176 1751 1374 1785 stitutionum
1401 1755 1599 1798 receptione,
1625 1756 1699 1789 867.

1088 1801 1235 1837 CLXXVI.
1262 1804 1472 1840 Confirmatur
1506 1807 1668 1843 decretum
1694 1809 1830 1853 Congrea

1174 1858 1308 1899 gationis
1329 1860 1553 1905 episcoporum
1579 1867 1608 1896 et
1633 1864 1828 1907 regularium

1173 1922 1231 1955 pro
1264 1911 1505 1957 independentia
1538 1917 1681 1950 coenobii
1710 1918 1828 1951 Albarii

1174 1964 1298 1999 Ordinis
1341 1967 1496 2002 Minorum
1536 1971 1633 2004 sancti
1669 1971 1828 2005 Francisci

1174 2018 1445 2062 Conventualium,
1464 2021 1537 2056 868.

1058 2106 1059 2112 ¹
1086 2070 1251 2106 CLXXVII.
1276 2074 1448 2109 Damnatur
1473 2082 1502 2110 et
1527 2078 1718 2121 prohibetur
1736 2080 1824 2123 liber,

1173 2127 1223 2160 cui
1243 2129 1352 2163 titulus
1368 2129 1580 2174 Exple'cation
1597 2133 1649 2167 cles
1668 2136 1827 2169 mccoez'mes

1173 2182 1226 2214 cles
1253 2182 1385 2226 Saltus,
1415 2189 1472 2218 etc.
1506 2186 1632 2220 Parisiis
1657 2197 1824 2229 nncxcvu,

1084 2287 1263 2323 CLXXVIII.
1280 2290 1493 2327 Confirmatur
1510 2294 1673 2328 decretum
1693 2296 1825 2339 Congre-

1170 2342 1305 2385 gationis
1335 2344 1465 2378 Concilii
1501 2357 1597 2391 super
1633 2348 1824 2391 obligatione

1170 2397 1384 2440 parochorum
1417 2400 1595 2444 applicandi
1632 2402 1823 2436 sacrificium

1169 2460 1228 2493 pro
1252 2452 1371 2495 populo
1397 2452 1429 2485 in
1454 2453 1565 2486 diebus
1591 2454 1719 2493 festivis,
1745 2456 1821 2488 872.

1083 2501 1234 2536 CLXXIX.
1261 2504 1474 2538 Confirmatur
1499 2506 1661 2540 decretum
1688 2507 1824 2551 Congre-
1869 2521 1874 2525 ·

1169 2556 1303 2599 gationis
1328 2558 1551 2603 episcoporum
1573 2566 1602 2593 et
1628 2561 1821 2604 regularium

1170 2609 1253 2645 circa
1273 2611 1442 2657 primatum
1459 2613 1539 2648 inter
1557 2613 1741 2649 definitores
1754 2625 1823 2660 per-
