<?xml version="1.0" encoding="UTF-8"?>
<!DOCTYPE html PUBLIC "-//W3C//DTD XHTML 1.0 Transitional//EN"
    "http://www.w3.org/TR/xhtml1/DTD/xhtml1-transitional.dtd">
<html xmlns="http://www.w3.org/1999/xhtml" xml:lang="en" lang="en">
 <head>
  <title>
</title>
<meta http-equiv="Content-Type" content="text/html;charset=utf-8" />
  <meta name='ocr-system' content='tesseract 3.04.00' />
  <meta name='ocr-capabilities' content='ocr_page ocr_carea ocr_par ocr_line ocrx_word'/>
</head>
<body>
  <div class='ocr_page' id='page_1' title='image "./bullarumdiplomat20cath_0051.png"; bbox 0 0 2227 3225; ppageno 0'>
   <div class='ocr_carea' id='block_1_1' title="bbox 105 226 289 254">
    <p class='ocr_par' dir='ltr' id='par_1_1' title="bbox 105 226 289 254">
     <span class='ocr_line' id='line_1_1' title="bbox 105 226 289 254; baseline -0.005 0"><span class='ocrx_word' id='word_1_1' title='bbox 105 227 155 254; x_wconf 78' lang='lat' dir='ltr'>An.</span> <span class='ocrx_word' id='word_1_2' title='bbox 173 226 200 254; x_wconf 84' lang='lat' dir='ltr'>C.</span> <span class='ocrx_word' id='word_1_3' title='bbox 224 227 289 253; x_wconf 73' lang='lat'><strong>1689</strong></span> 
     </span>
    </p>
   </div>
   <div class='ocr_carea' id='block_1_2' title="bbox 882 225 1220 248">
    <p class='ocr_par' dir='ltr' id='par_1_2' title="bbox 882 225 1220 248">
     <span class='ocr_line' id='line_1_2' title="bbox 882 225 1220 248; baseline -0.003 0"><span class='ocrx_word' id='word_1_4' title='bbox 882 225 1066 248; x_wconf 43' lang='lat' dir='ltr'>Amin-xum</span> <span class='ocrx_word' id='word_1_5' title='bbox 1096 225 1148 247; x_wconf 75' lang='lat' dir='ltr'>Vttl</span> <span class='ocrx_word' id='word_1_6' title='bbox 1174 226 1220 247; x_wconf 78' lang='grc' dir='ltr'>ΓΡ.</span> 
     </span>
    </p>
   </div>
   <div class='ocr_carea' id='block_1_3' title="bbox 296 272 1036 2333">
    <p class='ocr_par' dir='ltr' id='par_1_3' title="bbox 296 272 1036 2333">
     <span class='ocr_line' id='line_1_3' title="bbox 299 272 1032 317; baseline -0.004 -10"><span class='ocrx_word' id='word_1_7' title='bbox 299 273 382 317; x_wconf 81' lang='lat' dir='ltr'>exigi</span> <span class='ocrx_word' id='word_1_8' title='bbox 403 276 495 308; x_wconf 84' lang='lat' dir='ltr'>solita</span> <span class='ocrx_word' id='word_1_9' title='bbox 519 280 604 314; x_wconf 87' lang='lat' dir='ltr'>sunt,</span> <span class='ocrx_word' id='word_1_10' title='bbox 629 284 756 307; x_wconf 85' lang='lat' dir='ltr'>necnon</span> <span class='ocrx_word' id='word_1_11' title='bbox 777 282 816 306; x_wconf 81' lang='lat' dir='ltr'>an</span> <span class='ocrx_word' id='word_1_12' title='bbox 833 272 1032 315; x_wconf 70' lang='lat' dir='ltr'>obligatione</span> 
     </span>
     <span class='ocr_line' id='line_1_4' title="bbox 296 326 1032 371; baseline -0.004 -11"><span class='ocrx_word' id='word_1_13' title='bbox 296 327 477 371; x_wconf 86' lang='lat' dir='ltr'>recipiendi</span> <span class='ocrx_word' id='word_1_14' title='bbox 496 333 528 360; x_wconf 91' lang='lat' dir='ltr'>et</span> <span class='ocrx_word' id='word_1_15' title='bbox 546 327 731 370; x_wconf 87' lang='lat' dir='ltr'>hospitandi</span> <span class='ocrx_word' id='word_1_16' title='bbox 750 326 869 359; x_wconf 87' lang='lat' dir='ltr'>milites</span> <span class='ocrx_word' id='word_1_17' title='bbox 891 332 922 359; x_wconf 89' lang='lat' dir='ltr'>et</span> <span class='ocrx_word' id='word_1_18' title='bbox 942 326 1032 358; x_wconf 81' lang='lat' dir='ltr'>Sedis</span> 
     </span>
     <span class='ocr_line' id='line_1_5' title="bbox 297 380 1036 424; baseline -0.004 -12"><span class='ocrx_word' id='word_1_19' title='bbox 297 380 482 424; x_wconf 71' lang='lat' dir='ltr'>praedictae</span> <span class='ocrx_word' id='word_1_20' title='bbox 508 380 682 419; x_wconf 79' lang='lat' dir='ltr'>officiales,</span> <span class='ocrx_word' id='word_1_21' title='bbox 715 380 899 422; x_wconf 80' lang='lat' dir='ltr'>barigellos‚</span> <span class='ocrx_word' id='word_1_22' title='bbox 925 389 1036 411; x_wconf 75' lang='lat' dir='ltr'>execu-</span> 
     </span>
     <span class='ocr_line' id='line_1_6' title="bbox 298 427 1033 477; baseline -0.003 -11"><span class='ocrx_word' id='word_1_23' title='bbox 298 439 394 473; x_wconf 81' lang='lat' dir='ltr'>tores,</span> <span class='ocrx_word' id='word_1_24' title='bbox 412 427 558 477; x_wconf 84' lang='lat' dir='ltr'>aliosque</span> <span class='ocrx_word' id='word_1_25' title='bbox 577 434 716 465; x_wconf 84' lang='lat' dir='ltr'>iustitiae</span> <span class='ocrx_word' id='word_1_26' title='bbox 735 433 908 471; x_wconf 87' lang='lat' dir='ltr'>ministros,</span> <span class='ocrx_word' id='word_1_27' title='bbox 923 432 1033 474; x_wconf 77' lang='lat' dir='ltr'>eisque</span> 
     </span>
     <span class='ocr_line' id='line_1_7' title="bbox 298 485 1032 520; baseline -0.004 -1"><span class='ocrx_word' id='word_1_28' title='bbox 298 486 449 520; x_wconf 77' lang='lat' dir='ltr'>utensilia</span> <span class='ocrx_word' id='word_1_29' title='bbox 488 492 519 520; x_wconf 89' lang='lat' dir='ltr'>et</span> <span class='ocrx_word' id='word_1_30' title='bbox 556 486 618 520; x_wconf 87' lang='lat' dir='ltr'>alia</span> <span class='ocrx_word' id='word_1_31' title='bbox 653 485 834 519; x_wconf 85' lang='lat' dir='ltr'>necessaria</span> <span class='ocrx_word' id='word_1_32' title='bbox 873 485 1032 517; x_wconf 86' lang='lat' dir='ltr'>submini-</span> 
     </span>
     <span class='ocr_line' id='line_1_8' title="bbox 297 539 1036 584; baseline -0.005 -11"><span class='ocrx_word' id='word_1_33' title='bbox 297 541 428 580; x_wconf 89' lang='lat' dir='ltr'>strandi,</span> <span class='ocrx_word' id='word_1_34' title='bbox 447 551 508 584; x_wconf 85' lang='lat' dir='ltr'>per</span> <span class='ocrx_word' id='word_1_35' title='bbox 524 541 687 573; x_wconf 84' lang='lat' dir='ltr'>Romanos</span> <span class='ocrx_word' id='word_1_36' title='bbox 705 539 876 573; x_wconf 74' lang='lat' dir='ltr'>Pontifices</span> <span class='ocrx_word' id='word_1_37' title='bbox 901 539 1036 582; x_wconf 78' lang='lat' dir='ltr'>praede-</span> 
     </span>
     <span class='ocr_line' id='line_1_9' title="bbox 298 592 1034 635; baseline -0.005 -8"><span class='ocrx_word' id='word_1_38' title='bbox 298 605 443 627; x_wconf 88' lang='lat' dir='ltr'>cessores</span> <span class='ocrx_word' id='word_1_39' title='bbox 471 600 612 634; x_wconf 88' lang='lat' dir='ltr'>nostros,</span> <span class='ocrx_word' id='word_1_40' title='bbox 635 604 670 626; x_wconf 91' lang='lat' dir='ltr'>ac</span> <span class='ocrx_word' id='word_1_41' title='bbox 698 593 844 626; x_wconf 77' lang='lat' dir='ltr'>eamdem</span> <span class='ocrx_word' id='word_1_42' title='bbox 871 592 1034 635; x_wconf 76' lang='lat' dir='ltr'>Apostoli-</span> 
     </span>
     <span class='ocr_line' id='line_1_10' title="bbox 299 645 1036 690; baseline -0.004 -10"><span class='ocrx_word' id='word_1_43' title='bbox 299 658 368 680; x_wconf 85' lang='lat' dir='ltr'>cam</span> <span class='ocrx_word' id='word_1_44' title='bbox 393 648 521 688; x_wconf 82' lang='lat' dir='ltr'>Sedcm,</span> <span class='ocrx_word' id='word_1_45' title='bbox 543 652 574 680; x_wconf 91' lang='lat' dir='ltr'>et</span> <span class='ocrx_word' id='word_1_46' title='bbox 598 646 728 690; x_wconf 86' lang='lat' dir='ltr'>quosvis</span> <span class='ocrx_word' id='word_1_47' title='bbox 753 646 844 679; x_wconf 78' lang='lat' dir='ltr'>Sedis</span> <span class='ocrx_word' id='word_1_48' title='bbox 871 650 903 678; x_wconf 89' lang='lat' dir='ltr'>et</span> <span class='ocrx_word' id='word_1_49' title='bbox 928 645 1036 678; x_wconf 87' lang='lat' dir='ltr'>Came-</span> 
     </span>
     <span class='ocr_line' id='line_1_11' title="bbox 299 698 1036 744; baseline -0.004 -11"><span class='ocrx_word' id='word_1_50' title='bbox 299 711 354 733; x_wconf 88' lang='lat' dir='ltr'>rae</span> <span class='ocrx_word' id='word_1_51' title='bbox 379 700 622 744; x_wconf 85' lang='lat' dir='ltr'>praedictarum</span> <span class='ocrx_word' id='word_1_52' title='bbox 649 699 801 732; x_wconf 82' lang='lat' dir='ltr'>officiales</span> <span class='ocrx_word' id='word_1_53' title='bbox 819 703 850 731; x_wconf 90' lang='lat' dir='ltr'>et</span> <span class='ocrx_word' id='word_1_54' title='bbox 870 698 1036 731; x_wconf 83' lang='lat' dir='ltr'>ministros</span> 
     </span>
     <span class='ocr_line' id='line_1_12' title="bbox 299 752 1036 797; baseline -0.004 -11"><span class='ocrx_word' id='word_1_55' title='bbox 299 764 503 797; x_wconf 82' lang='lat' dir='ltr'>quacumque</span> <span class='ocrx_word' id='word_1_56' title='bbox 529 753 718 786; x_wconf 88' lang='lat' dir='ltr'>auctoritate</span> <span class='ocrx_word' id='word_1_57' title='bbox 737 757 768 785; x_wconf 87' lang='lat' dir='ltr'>et</span> <span class='ocrx_word' id='word_1_58' title='bbox 793 757 950 795; x_wconf 73' lang='lat' dir='ltr'>potestate</span> <span class='ocrx_word' id='word_1_59' title='bbox 972 752 1036 783; x_wconf 81' lang='lat' dir='ltr'>sun·</span> 
     </span>
     <span class='ocr_line' id='line_1_13' title="bbox 299 798 1033 850; baseline -0.005 -10"><span class='ocrx_word' id='word_1_60' title='bbox 299 812 421 850; x_wconf 81' lang='lat' dir='ltr'>gentes,</span> <span class='ocrx_word' id='word_1_61' title='bbox 444 807 539 840; x_wconf 89' lang='lat' dir='ltr'>etiam</span> <span class='ocrx_word' id='word_1_62' title='bbox 565 806 594 839; x_wconf 90' lang='lat' dir='ltr'>S.</span> <span class='ocrx_word' id='word_1_63' title='bbox 613 806 650 838; x_wconf 81' lang='lat' dir='ltr'>R.</span> <span class='ocrx_word' id='word_1_64' title='bbox 670 806 704 838; x_wconf 86' lang='lat' dir='ltr'>E.</span> <span class='ocrx_word' id='word_1_65' title='bbox 724 798 919 845; x_wconf 75' lang='lat' dir='ltr'>cardinales,</span> <span class='ocrx_word' id='word_1_66' title='bbox 939 804 1033 837; x_wconf 88' lang='lat' dir='ltr'>etiam</span> 
     </span>
     <span class='ocr_line' id='line_1_14' title="bbox 299 857 1036 902; baseline -0.004 -10"><span class='ocrx_word' id='word_1_67' title='bbox 299 859 338 892; x_wconf 89' lang='lat' dir='ltr'>de</span> <span class='ocrx_word' id='word_1_68' title='bbox 363 860 464 892; x_wconf 85' lang='lat' dir='ltr'>latere</span> <span class='ocrx_word' id='word_1_69' title='bbox 489 861 621 902; x_wconf 80' lang='lat' dir='ltr'>legatos,</span> <span class='ocrx_word' id='word_1_70' title='bbox 640 858 736 891; x_wconf 86' lang='lat' dir='ltr'>etiam</span> <span class='ocrx_word' id='word_1_71' title='bbox 760 857 965 896; x_wconf 86' lang='lat' dir='ltr'>camerarios,</span> <span class='ocrx_word' id='word_1_72' title='bbox 988 867 1036 890; x_wconf 88' lang='lat' dir='ltr'>ce—</span> 
     </span>
     <span class='ocr_line' id='line_1_15' title="bbox 298 912 1036 957; baseline -0.003 -12"><span class='ocrx_word' id='word_1_73' title='bbox 298 918 449 957; x_wconf 87' lang='lat' dir='ltr'>terosque</span> <span class='ocrx_word' id='word_1_74' title='bbox 474 912 571 946; x_wconf 83' lang='lat' dir='ltr'>etiam</span> <span class='ocrx_word' id='word_1_75' title='bbox 595 912 726 955; x_wconf 89' lang='lat' dir='ltr'>speciali</span> <span class='ocrx_word' id='word_1_76' title='bbox 753 913 828 944; x_wconf 75' lang='lat' dir='ltr'>nota</span> <span class='ocrx_word' id='word_1_77' title='bbox 853 917 884 943; x_wconf 87' lang='lat' dir='ltr'>et</span> <span class='ocrx_word' id='word_1_78' title='bbox 908 919 1036 951; x_wconf 82' lang='lat' dir='ltr'>expres-</span> 
     </span>
     <span class='ocr_line' id='line_1_16' title="bbox 298 964 1036 1009; baseline -0.001 -10"><span class='ocrx_word' id='word_1_79' title='bbox 298 967 388 1000; x_wconf 84' lang='lat' dir='ltr'>sione</span> <span class='ocrx_word' id='word_1_80' title='bbox 414 966 540 1009; x_wconf 81' lang='lat' dir='ltr'>dignOS‚</span> <span class='ocrx_word' id='word_1_81' title='bbox 561 976 597 999; x_wconf 88' lang='lat' dir='ltr'>ac</span> <span class='ocrx_word' id='word_1_82' title='bbox 617 965 791 1009; x_wconf 70' lang='lat' dir='ltr'>specialem</span> <span class='ocrx_word' id='word_1_83' title='bbox 815 965 855 997; x_wconf 91' lang='lat' dir='ltr'>ad</span> <span class='ocrx_word' id='word_1_84' title='bbox 880 964 912 997; x_wconf 89' lang='lat' dir='ltr'>id</span> <span class='ocrx_word' id='word_1_85' title='bbox 937 965 1036 998; x_wconf 84' lang='lat' dir='ltr'>sacul-</span> 
     </span>
     <span class='ocr_line' id='line_1_17' title="bbox 298 1018 1034 1062; baseline -0.004 -10"><span class='ocrx_word' id='word_1_86' title='bbox 298 1024 397 1053; x_wconf 84' lang='lat' dir='ltr'>tatem</span> <span class='ocrx_word' id='word_1_87' title='bbox 422 1019 602 1058; x_wconf 86' lang='lat' dir='ltr'>habentes,</span> <span class='ocrx_word' id='word_1_88' title='bbox 627 1018 796 1062; x_wconf 84' lang='lat' dir='ltr'>quibusvis</span> <span class='ocrx_word' id='word_1_89' title='bbox 820 1018 1034 1050; x_wconf 85' lang='lat' dir='ltr'>communita-</span> 
     </span>
     <span class='ocr_line' id='line_1_18' title="bbox 299 1071 1034 1112; baseline -0.005 -6"><span class='ocrx_word' id='word_1_90' title='bbox 299 1073 405 1112; x_wconf 81' lang='lat' dir='ltr'>tibus,</span> <span class='ocrx_word' id='word_1_91' title='bbox 431 1072 716 1112; x_wconf 79' lang='lat' dir='ltr'>universitatibus,</span> <span class='ocrx_word' id='word_1_92' title='bbox 742 1071 944 1111; x_wconf 84' lang='lat' dir='ltr'>civitatibus‚</span> <span class='ocrx_word' id='word_1_93' title='bbox 970 1076 1034 1104; x_wconf 85' lang='lat' dir='ltr'>ter-</span> 
     </span>
     <span class='ocr_line' id='line_1_19' title="bbox 299 1123 1035 1168; baseline -0.004 -10"><span class='ocrx_word' id='word_1_94' title='bbox 299 1125 354 1163; x_wconf 82' lang='lat' dir='ltr'>ris,</span> <span class='ocrx_word' id='word_1_95' title='bbox 379 1125 508 1168; x_wconf 82' lang='lat' dir='ltr'>oppidis</span> <span class='ocrx_word' id='word_1_96' title='bbox 533 1129 564 1157; x_wconf 87' lang='lat' dir='ltr'>et</span> <span class='ocrx_word' id='word_1_97' title='bbox 587 1124 667 1157; x_wconf 84' lang='lat' dir='ltr'>locis</span> <span class='ocrx_word' id='word_1_98' title='bbox 692 1124 821 1158; x_wconf 85' lang='lat' dir='ltr'>ditionis</span> <span class='ocrx_word' id='word_1_99' title='bbox 847 1123 1035 1166; x_wconf 87' lang='lat' dir='ltr'>temporalis</span> 
     </span>
     <span class='ocr_line' id='line_1_20' title="bbox 300 1175 1034 1220; baseline -0.003 -11"><span class='ocrx_word' id='word_1_100' title='bbox 300 1178 329 1210; x_wconf 87' lang='lat' dir='ltr'>S.</span> <span class='ocrx_word' id='word_1_101' title='bbox 356 1177 392 1209; x_wconf 79' lang='lat' dir='ltr'>R.</span> <span class='ocrx_word' id='word_1_102' title='bbox 420 1177 455 1209; x_wconf 91' lang='lat' dir='ltr'>E.</span> <span class='ocrx_word' id='word_1_103' title='bbox 482 1176 688 1220; x_wconf 80' lang='lat' dir='ltr'>praedictae,</span> <span class='ocrx_word' id='word_1_104' title='bbox 720 1186 757 1208; x_wconf 88' lang='lat' dir='ltr'>ac</span> <span class='ocrx_word' id='word_1_105' title='bbox 781 1176 876 1209; x_wconf 83' lang='lat' dir='ltr'>ctiam</span> <span class='ocrx_word' id='word_1_106' title='bbox 901 1175 1034 1219; x_wconf 86' lang='lat' dir='ltr'>quibus-</span> 
     </span>
     <span class='ocr_line' id='line_1_21' title="bbox 300 1228 1034 1273; baseline 0 -12"><span class='ocrx_word' id='word_1_107' title='bbox 300 1239 438 1273; x_wconf 87' lang='lat' dir='ltr'>cumque</span> <span class='ocrx_word' id='word_1_108' title='bbox 464 1228 661 1269; x_wconf 80' lang='lat' dir='ltr'>feudatariis,</span> <span class='ocrx_word' id='word_1_109' title='bbox 690 1228 874 1267; x_wconf 84' lang='lat' dir='ltr'>censuariis,</span> <span class='ocrx_word' id='word_1_110' title='bbox 897 1228 1034 1261; x_wconf 88' lang='lat' dir='ltr'>dominis</span> 
     </span>
     <span class='ocr_line' id='line_1_22' title="bbox 298 1281 1031 1321; baseline -0.003 -6"><span class='ocrx_word' id='word_1_111' title='bbox 298 1283 452 1320; x_wconf 85' lang='lat' dir='ltr'>locorum,</span> <span class='ocrx_word' id='word_1_112' title='bbox 479 1282 608 1314; x_wconf 81' lang='lat' dir='ltr'>familiis</span> <span class='ocrx_word' id='word_1_113' title='bbox 632 1281 806 1321; x_wconf 88' lang='lat' dir='ltr'>nobilibus,</span> <span class='ocrx_word' id='word_1_114' title='bbox 830 1281 1031 1320; x_wconf 74' lang='lat' dir='ltr'>baronibus,</span> 
     </span>
     <span class='ocr_line' id='line_1_23' title="bbox 298 1335 1034 1377; baseline -0.001 -10"><span class='ocrx_word' id='word_1_115' title='bbox 298 1335 477 1374; x_wconf 84' lang='lat' dir='ltr'>comitibus,</span> <span class='ocrx_word' id='word_1_116' title='bbox 499 1335 755 1374; x_wconf 75' lang='lat' dir='ltr'>marchionibus,</span> <span class='ocrx_word' id='word_1_117' title='bbox 782 1335 929 1373; x_wconf 86' lang='lat' dir='ltr'>ducibus,</span> <span class='ocrx_word' id='word_1_118' title='bbox 948 1335 1034 1377; x_wconf 88' lang='lat' dir='ltr'>prin-</span> 
     </span>
     <span class='ocr_line' id='line_1_24' title="bbox 298 1387 1034 1431; baseline 0.001 -11"><span class='ocrx_word' id='word_1_119' title='bbox 298 1388 432 1431; x_wconf 88' lang='lat' dir='ltr'>cipibus,</span> <span class='ocrx_word' id='word_1_120' title='bbox 458 1393 490 1420; x_wconf 89' lang='lat' dir='ltr'>et</span> <span class='ocrx_word' id='word_1_121' title='bbox 514 1387 585 1421; x_wconf 86' lang='lat' dir='ltr'>aliis</span> <span class='ocrx_word' id='word_1_122' title='bbox 611 1387 751 1421; x_wconf 86' lang='lat' dir='ltr'>cuiusvis</span> <span class='ocrx_word' id='word_1_123' title='bbox 771 1393 878 1427; x_wconf 87' lang='lat' dir='ltr'>status,</span> <span class='ocrx_word' id='word_1_124' title='bbox 905 1389 1034 1430; x_wconf 76' lang='lat' dir='ltr'>gradus,</span> 
     </span>
     <span class='ocr_line' id='line_1_25' title="bbox 298 1441 1035 1484; baseline -0.001 -10"><span class='ocrx_word' id='word_1_125' title='bbox 298 1441 494 1475; x_wconf 90' lang='lat' dir='ltr'>conditionis</span> <span class='ocrx_word' id='word_1_126' title='bbox 526 1446 557 1474; x_wconf 86' lang='lat' dir='ltr'>et</span> <span class='ocrx_word' id='word_1_127' title='bbox 588 1441 864 1484; x_wconf 69' lang='lat' dir='ltr'>praeeminentiae</span> <span class='ocrx_word' id='word_1_128' title='bbox 898 1441 1035 1474; x_wconf 79' lang='lat' dir='ltr'>existen-</span> 
     </span>
     <span class='ocr_line' id='line_1_26' title="bbox 298 1493 1034 1537; baseline 0.001 -11"><span class='ocrx_word' id='word_1_129' title='bbox 298 1494 392 1534; x_wconf 84' lang='lat' dir='ltr'>tibus,</span> <span class='ocrx_word' id='word_1_130' title='bbox 419 1504 455 1527; x_wconf 87' lang='lat' dir='ltr'>ac</span> <span class='ocrx_word' id='word_1_131' title='bbox 479 1493 589 1537; x_wconf 88' lang='lat' dir='ltr'>quavis</span> <span class='ocrx_word' id='word_1_132' title='bbox 615 1494 772 1537; x_wconf 81' lang='lat' dir='ltr'>dignitate</span> <span class='ocrx_word' id='word_1_133' title='bbox 797 1494 894 1527; x_wconf 86' lang='lat' dir='ltr'>etiam</span> <span class='ocrx_word' id='word_1_134' title='bbox 924 1495 1034 1527; x_wconf 84' lang='lat' dir='ltr'>eccle-</span> 
     </span>
     <span class='ocr_line' id='line_1_27' title="bbox 298 1546 1035 1590; baseline 0.001 -11"><span class='ocrx_word' id='word_1_135' title='bbox 298 1546 428 1580; x_wconf 73' lang='lat' dir='ltr'>siastica</span> <span class='ocrx_word' id='word_1_136' title='bbox 452 1552 483 1580; x_wconf 89' lang='lat' dir='ltr'>et</span> <span class='ocrx_word' id='word_1_137' title='bbox 507 1547 698 1580; x_wconf 88' lang='lat' dir='ltr'>auctoritate</span> <span class='ocrx_word' id='word_1_138' title='bbox 735 1548 889 1590; x_wconf 85' lang='lat' dir='ltr'>praeditis</span> <span class='ocrx_word' id='word_1_139' title='bbox 905 1574 912 1587; x_wconf 92' lang='lat'>,</span> <span class='ocrx_word' id='word_1_140' title='bbox 939 1548 1035 1580; x_wconf 89' lang='lat' dir='ltr'>etiam</span> 
     </span>
     <span class='ocr_line' id='line_1_28' title="bbox 298 1600 1033 1644; baseline 0 -11"><span class='ocrx_word' id='word_1_141' title='bbox 298 1600 517 1633; x_wconf 81' lang='lat' dir='ltr'>cardinalatus</span> <span class='ocrx_word' id='word_1_142' title='bbox 558 1600 685 1633; x_wconf 91' lang='lat' dir='ltr'>honore</span> <span class='ocrx_word' id='word_1_143' title='bbox 725 1601 922 1643; x_wconf 79' lang='lat' dir='ltr'>fulgentibus</span> <span class='ocrx_word' id='word_1_144' title='bbox 938 1629 945 1641; x_wconf 95' lang='lat'>,</span> <span class='ocrx_word' id='word_1_145' title='bbox 981 1600 1033 1644; x_wconf 84' lang='lat' dir='ltr'>qni</span> 
     </span>
     <span class='ocr_line' id='line_1_29' title="bbox 298 1652 1035 1687; baseline 0.001 -1"><span class='ocrx_word' id='word_1_146' title='bbox 298 1659 401 1686; x_wconf 87' lang='lat' dir='ltr'>castra</span> <span class='ocrx_word' id='word_1_147' title='bbox 426 1658 459 1686; x_wconf 89' lang='lat' dir='ltr'>et</span> <span class='ocrx_word' id='word_1_148' title='bbox 479 1652 718 1686; x_wconf 89' lang='lat' dir='ltr'>iurisdictiones</span> <span class='ocrx_word' id='word_1_149' title='bbox 743 1653 825 1685; x_wconf 85' lang='lat' dir='ltr'>intra</span> <span class='ocrx_word' id='word_1_150' title='bbox 851 1653 967 1687; x_wconf 88' lang='lat' dir='ltr'>limites</span> <span class='ocrx_word' id='word_1_151' title='bbox 989 1655 1035 1687; x_wconf 89' lang='lat' dir='ltr'>di-</span> 
     </span>
     <span class='ocr_line' id='line_1_30' title="bbox 298 1705 1035 1750; baseline 0.001 -12"><span class='ocrx_word' id='word_1_152' title='bbox 298 1711 368 1739; x_wconf 88' lang='lat' dir='ltr'>ctae</span> <span class='ocrx_word' id='word_1_153' title='bbox 394 1705 526 1739; x_wconf 91' lang='lat' dir='ltr'>ditionis</span> <span class='ocrx_word' id='word_1_154' title='bbox 554 1706 740 1749; x_wconf 78' lang='lat' dir='ltr'>temporalis</span> <span class='ocrx_word' id='word_1_155' title='bbox 766 1706 794 1739; x_wconf 80' lang='lat' dir='ltr'>S.</span> <span class='ocrx_word' id='word_1_156' title='bbox 815 1707 850 1739; x_wconf 72' lang='lat' dir='ltr'>lt.</span> <span class='ocrx_word' id='word_1_157' title='bbox 873 1707 908 1739; x_wconf 90' lang='lat' dir='ltr'>E.</span> <span class='ocrx_word' id='word_1_158' title='bbox 932 1707 1035 1750; x_wconf 88' lang='lat' dir='ltr'>possi-</span> 
     </span>
     <span class='ocr_line' id='line_1_31' title="bbox 299 1759 1034 1802; baseline 0.003 -11"><span class='ocrx_word' id='word_1_159' title='bbox 299 1760 383 1799; x_wconf 85' lang='lat' dir='ltr'>dent,</span> <span class='ocrx_word' id='word_1_160' title='bbox 410 1760 505 1792; x_wconf 86' lang='lat' dir='ltr'>etiam</span> <span class='ocrx_word' id='word_1_161' title='bbox 522 1759 575 1802; x_wconf 84' lang='lat' dir='ltr'>qui</span> <span class='ocrx_word' id='word_1_162' title='bbox 600 1759 681 1792; x_wconf 87' lang='lat' dir='ltr'>nibil</span> <span class='ocrx_word' id='word_1_163' title='bbox 706 1760 830 1793; x_wconf 82' lang='lat' dir='ltr'>ratione</span> <span class='ocrx_word' id='word_1_164' title='bbox 855 1766 1034 1794; x_wconf 84' lang='lat' dir='ltr'>castrorum</span> 
     </span>
     <span class='ocr_line' id='line_1_32' title="bbox 298 1812 1036 1857; baseline 0.004 -13"><span class='ocrx_word' id='word_1_165' title='bbox 298 1817 330 1844; x_wconf 88' lang='lat' dir='ltr'>et</span> <span class='ocrx_word' id='word_1_166' title='bbox 354 1812 610 1845; x_wconf 87' lang='lat' dir='ltr'>iurisdictionum</span> <span class='ocrx_word' id='word_1_167' title='bbox 636 1812 820 1846; x_wconf 85' lang='lat' dir='ltr'>huiusmodi</span> <span class='ocrx_word' id='word_1_168' title='bbox 845 1813 919 1847; x_wconf 82' lang='lat' dir='ltr'>Sedi</span> <span class='ocrx_word' id='word_1_169' title='bbox 944 1823 1036 1857; x_wconf 85' lang='lat' dir='ltr'>prae-</span> 
     </span>
     <span class='ocr_line' id='line_1_33' title="bbox 299 1865 1035 1908; baseline 0.004 -12"><span class='ocrx_word' id='word_1_170' title='bbox 299 1865 402 1897; x_wconf 78' lang='lat' dir='ltr'>dictae</span> <span class='ocrx_word' id='word_1_171' title='bbox 427 1865 594 1897; x_wconf 77' lang='lat' dir='ltr'>annuatim</span> <span class='ocrx_word' id='word_1_172' title='bbox 613 1875 668 1898; x_wconf 89' lang='lat' dir='ltr'>seu</span> <span class='ocrx_word' id='word_1_173' title='bbox 687 1865 765 1898; x_wconf 80' lang='lat' dir='ltr'>alias</span> <span class='ocrx_word' id='word_1_174' title='bbox 793 1866 985 1908; x_wconf 85' lang='lat' dir='ltr'>persolvent,</span> <span class='ocrx_word' id='word_1_175' title='bbox 1006 1873 1035 1899; x_wconf 89' lang='lat' dir='ltr'>et</span> 
     </span>
     <span class='ocr_line' id='line_1_34' title="bbox 300 1917 1036 1960; baseline 0.003 -11"><span class='ocrx_word' id='word_1_176' title='bbox 300 1923 362 1949; x_wconf 86' lang='lat' dir='ltr'>tam</span> <span class='ocrx_word' id='word_1_177' title='bbox 392 1917 508 1950; x_wconf 89' lang='lat' dir='ltr'>incolis</span> <span class='ocrx_word' id='word_1_178' title='bbox 534 1927 629 1960; x_wconf 88' lang='lat' dir='ltr'>quam</span> <span class='ocrx_word' id='word_1_179' title='bbox 654 1918 816 1950; x_wconf 77' lang='lat' dir='ltr'>extraneis</span> <span class='ocrx_word' id='word_1_180' title='bbox 843 1923 875 1950; x_wconf 90' lang='lat' dir='ltr'>et</span> <span class='ocrx_word' id='word_1_181' title='bbox 899 1919 1036 1952; x_wconf 80' lang='lat' dir='ltr'>sorensi-</span> 
     </span>
     <span class='ocr_line' id='line_1_35' title="bbox 298 1969 1036 2005; baseline 0.003 -2"><span class='ocrx_word' id='word_1_182' title='bbox 298 1971 357 2003; x_wconf 90' lang='lat' dir='ltr'>bus</span> <span class='ocrx_word' id='word_1_183' title='bbox 383 1970 469 2003; x_wconf 89' lang='lat' dir='ltr'>bona</span> <span class='ocrx_word' id='word_1_184' title='bbox 504 1969 633 2002; x_wconf 87' lang='lat' dir='ltr'>stabilia</span> <span class='ocrx_word' id='word_1_185' title='bbox 664 1980 719 2002; x_wconf 82' lang='lat' dir='ltr'>seu</span> <span class='ocrx_word' id='word_1_186' title='bbox 749 1971 882 2004; x_wconf 80' lang='lat' dir='ltr'>mobilia</span> <span class='ocrx_word' id='word_1_187' title='bbox 913 1973 963 2005; x_wconf 86' lang='lat' dir='ltr'>vel</span> <span class='ocrx_word' id='word_1_188' title='bbox 989 1983 1036 2005; x_wconf 89' lang='lat' dir='ltr'>se-</span> 
     </span>
     <span class='ocr_line' id='line_1_36' title="bbox 298 2022 1034 2058; baseline 0.004 -4"><span class='ocrx_word' id='word_1_189' title='bbox 298 2023 461 2055; x_wconf 85' lang='lat' dir='ltr'>moventia</span> <span class='ocrx_word' id='word_1_190' title='bbox 492 2022 688 2055; x_wconf 87' lang='lat' dir='ltr'>habentibus</span> <span class='ocrx_word' id='word_1_191' title='bbox 713 2028 746 2056; x_wconf 88' lang='lat' dir='ltr'>et</span> <span class='ocrx_word' id='word_1_192' title='bbox 771 2023 956 2057; x_wconf 83' lang='lat' dir='ltr'>tenentibus</span> <span class='ocrx_word' id='word_1_193' title='bbox 980 2035 1034 2058; x_wconf 88' lang='lat' dir='ltr'>seu</span> 
     </span>
     <span class='ocr_line' id='line_1_37' title="bbox 297 2075 1032 2121; baseline 0.004 -13"><span class='ocrx_word' id='word_1_194' title='bbox 297 2075 561 2119; x_wconf 86' lang='lat' dir='ltr'>possidentibus,</span> <span class='ocrx_word' id='word_1_195' title='bbox 586 2076 794 2120; x_wconf 86' lang='lat' dir='ltr'>omniumque</span> <span class='ocrx_word' id='word_1_196' title='bbox 826 2078 1032 2121; x_wconf 88' lang='lat' dir='ltr'>supradicto-</span> 
     </span>
     <span class='ocr_line' id='line_1_38' title="bbox 299 2130 1035 2170; baseline 0.004 -8"><span class='ocrx_word' id='word_1_197' title='bbox 299 2140 369 2162; x_wconf 86' lang='lat' dir='ltr'>rum</span> <span class='ocrx_word' id='word_1_198' title='bbox 394 2130 520 2163; x_wconf 84' lang='lat' dir='ltr'>colonis</span> <span class='ocrx_word' id='word_1_199' title='bbox 546 2135 576 2163; x_wconf 91' lang='lat' dir='ltr'>et</span> <span class='ocrx_word' id='word_1_200' title='bbox 600 2130 854 2170; x_wconf 80' lang='lat' dir='ltr'>laboratoribus,</span> <span class='ocrx_word' id='word_1_201' title='bbox 882 2131 979 2164; x_wconf 62' lang='lat' dir='ltr'>eti&#39;am</span> <span class='ocrx_word' id='word_1_202' title='bbox 1003 2132 1035 2165; x_wconf 92' lang='lat' dir='ltr'>in</span> 
     </span>
     <span class='ocr_line' id='line_1_39' title="bbox 297 2183 1036 2228; baseline 0.004 -13"><span class='ocrx_word' id='word_1_203' title='bbox 297 2193 546 2226; x_wconf 82' lang='lat' dir='ltr'>recompensam</span> <span class='ocrx_word' id='word_1_204' title='bbox 569 2183 727 2224; x_wconf 85' lang='lat' dir='ltr'>laborum,</span> <span class='ocrx_word' id='word_1_205' title='bbox 753 2185 944 2218; x_wconf 87' lang='lat' dir='ltr'>damnorum</span> <span class='ocrx_word' id='word_1_206' title='bbox 968 2196 1036 2228; x_wconf 86' lang='lat' dir='ltr'>pas-</span> 
     </span>
     <span class='ocr_line' id='line_1_40' title="bbox 299 2237 1033 2280; baseline 0.005 -12"><span class='ocrx_word' id='word_1_207' title='bbox 299 2246 422 2275; x_wconf 85' lang='lat' dir='ltr'>sorum,</span> <span class='ocrx_word' id='word_1_208' title='bbox 443 2246 669 2279; x_wconf 83' lang='lat' dir='ltr'>expensarum,</span> <span class='ocrx_word' id='word_1_209' title='bbox 689 2237 738 2270; x_wconf 90' lang='lat' dir='ltr'>vel</span> <span class='ocrx_word' id='word_1_210' title='bbox 759 2238 959 2280; x_wconf 86' lang='lat' dir='ltr'>meritorum,</span> <span class='ocrx_word' id='word_1_211' title='bbox 978 2249 1033 2272; x_wconf 84' lang='lat' dir='ltr'>seu</span> 
     </span>
     <span class='ocr_line' id='line_1_41' title="bbox 298 2288 1035 2333; baseline 0.005 -13"><span class='ocrx_word' id='word_1_212' title='bbox 298 2288 430 2321; x_wconf 90' lang='lat' dir='ltr'>illorum</span> <span class='ocrx_word' id='word_1_213' title='bbox 465 2288 584 2321; x_wconf 90' lang='lat' dir='ltr'>intuitu</span> <span class='ocrx_word' id='word_1_214' title='bbox 610 2294 642 2321; x_wconf 90' lang='lat' dir='ltr'>et</span> <span class='ocrx_word' id='word_1_215' title='bbox 666 2290 966 2333; x_wconf 82' lang='lat' dir='ltr'>contemplatione,</span> <span class='ocrx_word' id='word_1_216' title='bbox 999 2302 1035 2325; x_wconf 89' lang='lat' dir='ltr'>ac</span> 
     </span>
    </p>
   </div>
   <div class='ocr_carea' id='block_1_4' title="bbox 1076 219 1818 2324">
    <p class='ocr_par' dir='ltr' id='par_1_4' title="bbox 1076 219 1818 2324">
     <span class='ocr_line' id='line_1_42' title="bbox 1728 219 1769 251; baseline 0 0"><span class='ocrx_word' id='word_1_217' title='bbox 1728 219 1769 251; x_wconf 63' lang='grc'>15</span> 
     </span>
     <span class='ocr_line' id='line_1_43' title="bbox 1078 272 1811 316; baseline 0.008 -13"><span class='ocrx_word' id='word_1_218' title='bbox 1078 272 1190 305; x_wconf 88' lang='lat' dir='ltr'>tumvis</span> <span class='ocrx_word' id='word_1_219' title='bbox 1208 274 1398 306; x_wconf 84' lang='lat' dir='ltr'>auctoritate</span> <span class='ocrx_word' id='word_1_220' title='bbox 1420 276 1596 316; x_wconf 68' lang='lat' dir='ltr'>apostolica</span> <span class='ocrx_word' id='word_1_221' title='bbox 1616 276 1811 310; x_wconf 74' lang='lat' dir='ltr'>confirmatis</span> 
     </span>
     <span class='ocr_line' id='line_1_44' title="bbox 1077 325 1811 367; baseline 0.008 -11"><span class='ocrx_word' id='word_1_222' title='bbox 1077 325 1242 367; x_wconf 86' lang='lat' dir='ltr'>provisum</span> <span class='ocrx_word' id='word_1_223' title='bbox 1277 330 1309 358; x_wconf 88' lang='lat' dir='ltr'>et</span> <span class='ocrx_word' id='word_1_224' title='bbox 1339 332 1465 359; x_wconf 78' lang='lat' dir='ltr'>cautum</span> <span class='ocrx_word' id='word_1_225' title='bbox 1499 328 1540 360; x_wconf 90' lang='lat' dir='ltr'>sit</span> <span class='ocrx_word' id='word_1_226' title='bbox 1569 339 1621 360; x_wconf 83' lang='lat' dir='ltr'>eas</span> <span class='ocrx_word' id='word_1_227' title='bbox 1647 330 1811 362; x_wconf 81' lang='lat' dir='ltr'>observari</span> 
     </span>
     <span class='ocr_line' id='line_1_45' title="bbox 1077 378 1814 422; baseline 0.005 -12"><span class='ocrx_word' id='word_1_228' title='bbox 1077 378 1217 417; x_wconf 75' lang='lat' dir='ltr'>debere,</span> <span class='ocrx_word' id='word_1_229' title='bbox 1244 389 1280 410; x_wconf 87' lang='lat' dir='ltr'>ac</span> <span class='ocrx_word' id='word_1_230' title='bbox 1311 390 1383 411; x_wconf 86' lang='lat' dir='ltr'>cum</span> <span class='ocrx_word' id='word_1_231' title='bbox 1416 380 1581 422; x_wconf 81' lang='lat' dir='ltr'>quibusvis</span> <span class='ocrx_word' id='word_1_232' title='bbox 1607 382 1757 414; x_wconf 77' lang='lat' dir='ltr'>clausulis</span> <span class='ocrx_word' id='word_1_233' title='bbox 1783 387 1814 414; x_wconf 88' lang='lat' dir='ltr'>et</span> 
     </span>
     <span class='ocr_line' id='line_1_46' title="bbox 1077 431 1814 472; baseline 0.004 -9"><span class='ocrx_word' id='word_1_234' title='bbox 1077 431 1225 470; x_wconf 73' lang='lat' dir='ltr'>deci-etis,</span> <span class='ocrx_word' id='word_1_235' title='bbox 1248 431 1343 464; x_wconf 85' lang='lat' dir='ltr'>etiam</span> <span class='ocrx_word' id='word_1_236' title='bbox 1370 438 1467 471; x_wconf 84' lang='lat' dir='ltr'>motu,</span> <span class='ocrx_word' id='word_1_237' title='bbox 1493 433 1814 472; x_wconf 75' lang='lat' dir='ltr'>scientia‚detihe1·a-</span> 
     </span>
     <span class='ocr_line' id='line_1_47' title="bbox 1079 484 1815 529; baseline 0.005 -14"><span class='ocrx_word' id='word_1_238' title='bbox 1079 484 1164 516; x_wconf 89' lang='lat' dir='ltr'>tione</span> <span class='ocrx_word' id='word_1_239' title='bbox 1190 489 1222 517; x_wconf 83' lang='lat' dir='ltr'>et</span> <span class='ocrx_word' id='word_1_240' title='bbox 1244 484 1412 527; x_wconf 78' lang='lat' dir='ltr'>potestatis</span> <span class='ocrx_word' id='word_1_241' title='bbox 1437 485 1642 528; x_wconf 87' lang='lat' dir='ltr'>plenitudine</span> <span class='ocrx_word' id='word_1_242' title='bbox 1666 487 1815 529; x_wconf 85' lang='lat' dir='ltr'>paribus,</span> 
     </span>
     <span class='ocr_line' id='line_1_48' title="bbox 1078 538 1815 584; baseline 0.005 -14"><span class='ocrx_word' id='word_1_243' title='bbox 1078 539 1172 570; x_wconf 88' lang='lat' dir='ltr'>etiam</span> <span class='ocrx_word' id='word_1_244' title='bbox 1198 538 1492 579; x_wconf 73' lang='lat' dir='ltr'>consistorialiter,</span> <span class='ocrx_word' id='word_1_245' title='bbox 1519 545 1551 571; x_wconf 89' lang='lat' dir='ltr'>ct</span> <span class='ocrx_word' id='word_1_246' title='bbox 1576 540 1656 572; x_wconf 79' lang='lat' dir='ltr'>alias</span> <span class='ocrx_word' id='word_1_247' title='bbox 1682 552 1815 584; x_wconf 87' lang='lat' dir='ltr'>quomo-</span> 
     </span>
     <span class='ocr_line' id='line_1_49' title="bbox 1078 592 1815 636; baseline 0.005 -13"><span class='ocrx_word' id='word_1_248' title='bbox 1078 592 1264 634; x_wconf 84' lang='lat' dir='ltr'>documque</span> <span class='ocrx_word' id='word_1_249' title='bbox 1286 597 1318 624; x_wconf 85' lang='lat' dir='ltr'>ct</span> <span class='ocrx_word' id='word_1_250' title='bbox 1338 592 1626 635; x_wconf 77' lang='lat' dir='ltr'>qualitercumque,</span> <span class='ocrx_word' id='word_1_251' title='bbox 1645 593 1676 626; x_wconf 92' lang='lat' dir='ltr'>in</span> <span class='ocrx_word' id='word_1_252' title='bbox 1696 604 1815 636; x_wconf 78' lang='lat' dir='ltr'>genere</span> 
     </span>
     <span class='ocr_line' id='line_1_50' title="bbox 1078 645 1814 689; baseline 0.004 -13"><span class='ocrx_word' id='word_1_253' title='bbox 1078 646 1125 678; x_wconf 83' lang='lat' dir='ltr'>vel</span> <span class='ocrx_word' id='word_1_254' title='bbox 1152 645 1270 688; x_wconf 83' lang='lat' dir='ltr'>specie,</span> <span class='ocrx_word' id='word_1_255' title='bbox 1289 645 1328 678; x_wconf 94' lang='lat' dir='ltr'>ad</span> <span class='ocrx_word' id='word_1_256' title='bbox 1346 645 1441 677; x_wconf 83' lang='lat' dir='ltr'>vitam</span> <span class='ocrx_word' id='word_1_257' title='bbox 1461 646 1512 678; x_wconf 75' lang='lat' dir='ltr'>vel</span> <span class='ocrx_word' id='word_1_258' title='bbox 1537 645 1575 677; x_wconf 86' lang='lat' dir='ltr'>ad</span> <span class='ocrx_word' id='word_1_259' title='bbox 1602 650 1728 689; x_wconf 85' lang='lat' dir='ltr'>tempus</span> <span class='ocrx_word' id='word_1_260' title='bbox 1750 647 1814 680; x_wconf 84' lang='lat' dir='ltr'>sive</span> 
     </span>
     <span class='ocr_line' id='line_1_51' title="bbox 1078 697 1817 740; baseline 0.004 -11"><span class='ocrx_word' id='word_1_261' title='bbox 1078 697 1110 729; x_wconf 89' lang='lat' dir='ltr'>in</span> <span class='ocrx_word' id='word_1_262' title='bbox 1136 702 1331 740; x_wconf 87' lang='lat' dir='ltr'>perpetuum</span> <span class='ocrx_word' id='word_1_263' title='bbox 1368 708 1539 730; x_wconf 80' lang='lat' dir='ltr'>concessas</span> <span class='ocrx_word' id='word_1_264' title='bbox 1568 703 1600 731; x_wconf 87' lang='lat' dir='ltr'>et</span> <span class='ocrx_word' id='word_1_265' title='bbox 1631 699 1747 739; x_wconf 82' lang='lat' dir='ltr'>datas,</span> <span class='ocrx_word' id='word_1_266' title='bbox 1781 711 1817 733; x_wconf 86' lang='lat' dir='ltr'>ac</span> 
     </span>
     <span class='ocr_line' id='line_1_52' title="bbox 1079 750 1814 793; baseline 0.004 -11"><span class='ocrx_word' id='word_1_267' title='bbox 1079 750 1200 793; x_wconf 85' lang='lat' dir='ltr'>pluries</span> <span class='ocrx_word' id='word_1_268' title='bbox 1226 756 1258 783; x_wconf 90' lang='lat' dir='ltr'>et</span> <span class='ocrx_word' id='word_1_269' title='bbox 1281 750 1405 783; x_wconf 88' lang='lat' dir='ltr'>iteratis</span> <span class='ocrx_word' id='word_1_270' title='bbox 1437 751 1559 783; x_wconf 85' lang='lat' dir='ltr'>vicibus</span> <span class='ocrx_word' id='word_1_271' title='bbox 1591 751 1814 793; x_wconf 83' lang='lat' dir='ltr'>confirmatas,</span> 
     </span>
     <span class='ocr_line' id='line_1_53' title="bbox 1078 804 1818 847; baseline 0.003 -11"><span class='ocrx_word' id='word_1_272' title='bbox 1078 804 1286 847; x_wconf 84' lang='lat' dir='ltr'>approbatas,</span> <span class='ocrx_word' id='word_1_273' title='bbox 1312 804 1506 837; x_wconf 78' lang='lat' dir='ltr'>revalidatas</span> <span class='ocrx_word' id='word_1_274' title='bbox 1532 810 1564 837; x_wconf 89' lang='lat' dir='ltr'>et</span> <span class='ocrx_word' id='word_1_275' title='bbox 1587 805 1766 845; x_wconf 74' lang='lat' dir='ltr'>innovatas,</span> <span class='ocrx_word' id='word_1_276' title='bbox 1786 812 1818 839; x_wconf 85' lang='lat' dir='ltr'>et</span> 
     </span>
     <span class='ocr_line' id='line_1_54' title="bbox 1078 858 1817 902; baseline 0.003 -12"><span class='ocrx_word' id='word_1_277' title='bbox 1078 859 1175 891; x_wconf 87' lang='lat' dir='ltr'>etiam</span> <span class='ocrx_word' id='word_1_278' title='bbox 1207 858 1322 891; x_wconf 83' lang='lat' dir='ltr'>iudicis</span> <span class='ocrx_word' id='word_1_279' title='bbox 1355 858 1546 891; x_wconf 76' lang='lat' dir='ltr'>auctoritate</span> <span class='ocrx_word' id='word_1_280' title='bbox 1576 864 1686 892; x_wconf 85' lang='lat' dir='ltr'>secuta</span> <span class='ocrx_word' id='word_1_281' title='bbox 1718 870 1817 902; x_wconf 83' lang='lat' dir='ltr'>quae-</span> 
     </span>
     <span class='ocr_line' id='line_1_55' title="bbox 1077 911 1816 954; baseline 0.001 -11"><span class='ocrx_word' id='word_1_282' title='bbox 1077 921 1232 954; x_wconf 88' lang='lat' dir='ltr'>cumque,</span> <span class='ocrx_word' id='word_1_283' title='bbox 1262 919 1390 944; x_wconf 88' lang='lat' dir='ltr'>necnon</span> <span class='ocrx_word' id='word_1_284' title='bbox 1416 911 1546 954; x_wconf 86' lang='lat' dir='ltr'>quasvis</span> <span class='ocrx_word' id='word_1_285' title='bbox 1570 912 1695 944; x_wconf 90' lang='lat' dir='ltr'>litteras</span> <span class='ocrx_word' id='word_1_286' title='bbox 1720 913 1816 945; x_wconf 85' lang='lat' dir='ltr'>etiam</span> 
     </span>
     <span class='ocr_line' id='line_1_56' title="bbox 1077 964 1816 1008; baseline 0.001 -11"><span class='ocrx_word' id='word_1_287' title='bbox 1077 964 1273 1007; x_wconf 82' lang='lat' dir='ltr'>apostolicas</span> <span class='ocrx_word' id='word_1_288' title='bbox 1306 965 1364 997; x_wconf 82' lang='lat' dir='ltr'>snb</span> <span class='ocrx_word' id='word_1_289' title='bbox 1401 965 1535 1008; x_wconf 88' lang='lat' dir='ltr'>plumbo</span> <span class='ocrx_word' id='word_1_290' title='bbox 1562 966 1612 998; x_wconf 88' lang='lat' dir='ltr'>vel</span> <span class='ocrx_word' id='word_1_291' title='bbox 1649 965 1682 997; x_wconf 90' lang='lat' dir='ltr'>in</span> <span class='ocrx_word' id='word_1_292' title='bbox 1718 966 1816 999; x_wconf 86' lang='lat' dir='ltr'>simili</span> 
     </span>
     <span class='ocr_line' id='line_1_57' title="bbox 1076 1017 1817 1060; baseline 0.003 -11"><span class='ocrx_word' id='word_1_293' title='bbox 1076 1017 1180 1050; x_wconf 79' lang='lat' dir='ltr'>forma</span> <span class='ocrx_word' id='word_1_294' title='bbox 1197 1017 1315 1056; x_wconf 86' lang='lat' dir='ltr'>Brevis,</span> <span class='ocrx_word' id='word_1_295' title='bbox 1331 1017 1567 1060; x_wconf 84' lang='lat' dir='ltr'>motusproprii</span> <span class='ocrx_word' id='word_1_296' title='bbox 1589 1017 1731 1056; x_wconf 84' lang='lat' dir='ltr'>cedulas,</span> <span class='ocrx_word' id='word_1_297' title='bbox 1753 1019 1817 1051; x_wconf 87' lang='lat' dir='ltr'>chi-</span> 
     </span>
     <span class='ocr_line' id='line_1_58' title="bbox 1077 1070 1816 1113; baseline 0.003 -11"><span class='ocrx_word' id='word_1_298' title='bbox 1077 1070 1261 1113; x_wconf 77' lang='lat' dir='ltr'>rographa,</span> <span class='ocrx_word' id='word_1_299' title='bbox 1288 1075 1319 1102; x_wconf 87' lang='lat' dir='ltr'>et</span> <span class='ocrx_word' id='word_1_300' title='bbox 1345 1070 1524 1113; x_wconf 84' lang='lat' dir='ltr'>scripturas</span> <span class='ocrx_word' id='word_1_301' title='bbox 1551 1070 1752 1110; x_wconf 85' lang='lat' dir='ltr'>huiusmodi,</span> <span class='ocrx_word' id='word_1_302' title='bbox 1779 1081 1816 1104; x_wconf 87' lang='lat' dir='ltr'>ex</span> 
     </span>
     <span class='ocr_line' id='line_1_59' title="bbox 1077 1129 1817 1167; baseline 0.001 -11"><span class='ocrx_word' id='word_1_303' title='bbox 1077 1134 1161 1156; x_wconf 89' lang='lat' dir='ltr'>nunc</span> <span class='ocrx_word' id='word_1_304' title='bbox 1195 1129 1354 1167; x_wconf 88' lang='lat' dir='ltr'>perpetuo</span> <span class='ocrx_word' id='word_1_305' title='bbox 1390 1134 1599 1163; x_wconf 83' lang='lat' dir='ltr'>revocamus,</span> <span class='ocrx_word' id='word_1_306' title='bbox 1632 1133 1817 1165; x_wconf 83' lang='lat' dir='ltr'>cassamus,</span> 
     </span>
     <span class='ocr_line' id='line_1_60' title="bbox 1077 1177 1818 1220; baseline 0.003 -11"><span class='ocrx_word' id='word_1_307' title='bbox 1077 1177 1233 1216; x_wconf 88' lang='lat' dir='ltr'>tollimus,</span> <span class='ocrx_word' id='word_1_308' title='bbox 1254 1178 1447 1220; x_wconf 76' lang='lat' dir='ltr'>abrogamus</span> <span class='ocrx_word' id='word_1_309' title='bbox 1463 1204 1470 1217; x_wconf 94' lang='lat'>,</span> <span class='ocrx_word' id='word_1_310' title='bbox 1498 1177 1673 1218; x_wconf 89' lang='lat' dir='ltr'>irritamus,</span> <span class='ocrx_word' id='word_1_311' title='bbox 1707 1179 1818 1211; x_wconf 90' lang='lat' dir='ltr'>abole-</span> 
     </span>
     <span class='ocr_line' id='line_1_61' title="bbox 1076 1229 1817 1274; baseline 0.003 -11"><span class='ocrx_word' id='word_1_312' title='bbox 1076 1241 1160 1270; x_wconf 89' lang='lat' dir='ltr'>mus,</span> <span class='ocrx_word' id='word_1_313' title='bbox 1186 1229 1375 1273; x_wconf 81' lang='lat' dir='ltr'>viribusque</span> <span class='ocrx_word' id='word_1_314' title='bbox 1409 1235 1441 1262; x_wconf 88' lang='lat' dir='ltr'>et</span> <span class='ocrx_word' id='word_1_315' title='bbox 1473 1231 1587 1263; x_wconf 79' lang='lat' dir='ltr'>effectu</span> <span class='ocrx_word' id='word_1_316' title='bbox 1619 1230 1748 1274; x_wconf 88' lang='lat' dir='ltr'>penitus</span> <span class='ocrx_word' id='word_1_317' title='bbox 1780 1242 1817 1265; x_wconf 86' lang='lat' dir='ltr'>ac</span> 
     </span>
     <span class='ocr_line' id='line_1_62' title="bbox 1077 1283 1815 1324; baseline 0.003 -10"><span class='ocrx_word' id='word_1_318' title='bbox 1077 1283 1208 1316; x_wconf 88' lang='lat' dir='ltr'>omnino</span> <span class='ocrx_word' id='word_1_319' title='bbox 1226 1293 1428 1322; x_wconf 84' lang='lat' dir='ltr'>evacuamus,</span> <span class='ocrx_word' id='word_1_320' title='bbox 1451 1293 1486 1315; x_wconf 88' lang='lat' dir='ltr'>ac</span> <span class='ocrx_word' id='word_1_321' title='bbox 1506 1288 1664 1323; x_wconf 87' lang='lat' dir='ltr'>revocata,</span> <span class='ocrx_word' id='word_1_322' title='bbox 1683 1289 1815 1324; x_wconf 80' lang='lat' dir='ltr'>cassata,</span> 
     </span>
     <span class='ocr_line' id='line_1_63' title="bbox 1077 1334 1817 1378; baseline 0.004 -12"><span class='ocrx_word' id='word_1_323' title='bbox 1077 1336 1204 1368; x_wconf 65' lang='lat' dir='ltr'>sublata</span> <span class='ocrx_word' id='word_1_324' title='bbox 1236 1340 1268 1367; x_wconf 91' lang='lat' dir='ltr'>et</span> <span class='ocrx_word' id='word_1_325' title='bbox 1292 1335 1469 1378; x_wconf 81' lang='lat' dir='ltr'>abrogata,</span> <span class='ocrx_word' id='word_1_326' title='bbox 1502 1334 1614 1375; x_wconf 89' lang='lat' dir='ltr'>irrita,</span> <span class='ocrx_word' id='word_1_327' title='bbox 1640 1335 1762 1369; x_wconf 83' lang='lat' dir='ltr'>abolita</span> <span class='ocrx_word' id='word_1_328' title='bbox 1786 1340 1817 1370; x_wconf 86' lang='lat' dir='ltr'>et</span> 
     </span>
     <span class='ocr_line' id='line_1_64' title="bbox 1076 1386 1816 1431; baseline 0.004 -12"><span class='ocrx_word' id='word_1_329' title='bbox 1076 1388 1257 1427; x_wconf 84' lang='lat' dir='ltr'>annullata,</span> <span class='ocrx_word' id='word_1_330' title='bbox 1283 1387 1474 1430; x_wconf 85' lang='lat' dir='ltr'>viribusque</span> <span class='ocrx_word' id='word_1_331' title='bbox 1493 1392 1525 1420; x_wconf 92' lang='lat' dir='ltr'>et</span> <span class='ocrx_word' id='word_1_332' title='bbox 1545 1386 1661 1421; x_wconf 80' lang='lat' dir='ltr'>effectu</span> <span class='ocrx_word' id='word_1_333' title='bbox 1686 1389 1816 1431; x_wconf 86' lang='lat' dir='ltr'>penitus</span> 
     </span>
     <span class='ocr_line' id='line_1_65' title="bbox 1077 1440 1816 1484; baseline 0.003 -12"><span class='ocrx_word' id='word_1_334' title='bbox 1077 1446 1108 1473; x_wconf 88' lang='lat' dir='ltr'>et</span> <span class='ocrx_word' id='word_1_335' title='bbox 1133 1440 1266 1473; x_wconf 88' lang='lat' dir='ltr'>omnino</span> <span class='ocrx_word' id='word_1_336' title='bbox 1291 1450 1391 1473; x_wconf 86' lang='lat' dir='ltr'>vacua</span> <span class='ocrx_word' id='word_1_337' title='bbox 1416 1450 1496 1480; x_wconf 87' lang='lat' dir='ltr'>esse,</span> <span class='ocrx_word' id='word_1_338' title='bbox 1517 1450 1577 1473; x_wconf 87' lang='lat' dir='ltr'>nee</span> <span class='ocrx_word' id='word_1_339' title='bbox 1599 1440 1657 1474; x_wconf 92' lang='lat' dir='ltr'>ulli</span> <span class='ocrx_word' id='word_1_340' title='bbox 1682 1451 1816 1484; x_wconf 87' lang='lat' dir='ltr'>prorsus</span> 
     </span>
     <span class='ocr_line' id='line_1_66' title="bbox 1076 1493 1816 1537; baseline 0.001 -11"><span class='ocrx_word' id='word_1_341' title='bbox 1076 1494 1108 1526; x_wconf 88' lang='lat' dir='ltr'>in</span> <span class='ocrx_word' id='word_1_342' title='bbox 1137 1493 1292 1537; x_wconf 87' lang='lat' dir='ltr'>petitorio</span> <span class='ocrx_word' id='word_1_343' title='bbox 1311 1498 1366 1526; x_wconf 82' lang='lat' dir='ltr'>aut</span> <span class='ocrx_word' id='word_1_344' title='bbox 1386 1493 1602 1536; x_wconf 85' lang='lat' dir='ltr'>possessorio,</span> <span class='ocrx_word' id='word_1_345' title='bbox 1621 1493 1717 1527; x_wconf 84' lang='lat' dir='ltr'>etiam</span> <span class='ocrx_word' id='word_1_346' title='bbox 1735 1504 1816 1527; x_wconf 88' lang='lat' dir='ltr'>sum·</span> 
     </span>
     <span class='ocr_line' id='line_1_67' title="bbox 1076 1546 1816 1589; baseline 0.001 -10"><span class='ocrx_word' id='word_1_347' title='bbox 1076 1547 1280 1587; x_wconf 84' lang='lat' dir='ltr'>rnariissimo,</span> <span class='ocrx_word' id='word_1_348' title='bbox 1307 1552 1420 1580; x_wconf 87' lang='lat' dir='ltr'>contra</span> <span class='ocrx_word' id='word_1_349' title='bbox 1445 1546 1667 1589; x_wconf 86' lang='lat' dir='ltr'>praesentium</span> <span class='ocrx_word' id='word_1_350' title='bbox 1692 1547 1816 1580; x_wconf 87' lang='lat' dir='ltr'>littera-</span> 
     </span>
     <span class='ocr_line' id='line_1_68' title="bbox 1077 1598 1814 1643; baseline 0 -10"><span class='ocrx_word' id='word_1_351' title='bbox 1077 1611 1147 1633; x_wconf 90' lang='lat' dir='ltr'>rum</span> <span class='ocrx_word' id='word_1_352' title='bbox 1167 1606 1313 1633; x_wconf 86' lang='lat' dir='ltr'>tenorem</span> <span class='ocrx_word' id='word_1_353' title='bbox 1331 1605 1362 1632; x_wconf 85' lang='lat' dir='ltr'>et</span> <span class='ocrx_word' id='word_1_354' title='bbox 1380 1598 1628 1642; x_wconf 87' lang='lat' dir='ltr'>dispositionem</span> <span class='ocrx_word' id='word_1_355' title='bbox 1646 1599 1814 1643; x_wconf 79' lang='lat' dir='ltr'>suffragari</span> 
     </span>
     <span class='ocr_line' id='line_1_69' title="bbox 1077 1652 1816 1697; baseline -0.001 -11"><span class='ocrx_word' id='word_1_356' title='bbox 1077 1664 1183 1697; x_wconf 88' lang='lat' dir='ltr'>posse,</span> <span class='ocrx_word' id='word_1_357' title='bbox 1207 1653 1263 1686; x_wconf 88' lang='lat' dir='ltr'>sed</span> <span class='ocrx_word' id='word_1_358' title='bbox 1289 1652 1473 1695; x_wconf 88' lang='lat' dir='ltr'>praedictos</span> <span class='ocrx_word' id='word_1_359' title='bbox 1505 1662 1618 1685; x_wconf 91' lang='lat' dir='ltr'>omnes</span> <span class='ocrx_word' id='word_1_360' title='bbox 1644 1657 1675 1685; x_wconf 91' lang='lat' dir='ltr'>et</span> <span class='ocrx_word' id='word_1_361' title='bbox 1706 1653 1816 1695; x_wconf 82' lang='lat' dir='ltr'>singu-</span> 
     </span>
     <span class='ocr_line' id='line_1_70' title="bbox 1076 1705 1816 1749; baseline -0.001 -9"><span class='ocrx_word' id='word_1_362' title='bbox 1076 1708 1125 1740; x_wconf 81' lang='lat' dir='ltr'>los</span> <span class='ocrx_word' id='word_1_363' title='bbox 1159 1710 1326 1749; x_wconf 87' lang='lat' dir='ltr'>exemptos</span> <span class='ocrx_word' id='word_1_364' title='bbox 1358 1705 1398 1738; x_wconf 88' lang='lat' dir='ltr'>ad</span> <span class='ocrx_word' id='word_1_365' title='bbox 1429 1705 1576 1738; x_wconf 87' lang='lat' dir='ltr'>omnium</span> <span class='ocrx_word' id='word_1_366' title='bbox 1609 1711 1641 1738; x_wconf 90' lang='lat' dir='ltr'>et</span> <span class='ocrx_word' id='word_1_367' title='bbox 1671 1705 1816 1748; x_wconf 80' lang='lat' dir='ltr'>singulo-</span> 
     </span>
     <span class='ocr_line' id='line_1_71' title="bbox 1078 1758 1816 1801; baseline 0 -9"><span class='ocrx_word' id='word_1_368' title='bbox 1078 1771 1147 1792; x_wconf 88' lang='lat' dir='ltr'>rum</span> <span class='ocrx_word' id='word_1_369' title='bbox 1172 1769 1309 1793; x_wconf 85' lang='lat' dir='ltr'>onerum</span> <span class='ocrx_word' id='word_1_370' title='bbox 1340 1758 1584 1801; x_wconf 74' lang='lat' dir='ltr'>Praedictorum</span> <span class='ocrx_word' id='word_1_371' title='bbox 1617 1759 1816 1792; x_wconf 88' lang='lat' dir='ltr'>solutionem</span> 
     </span>
     <span class='ocr_line' id='line_1_72' title="bbox 1078 1812 1815 1856; baseline 0 -11"><span class='ocrx_word' id='word_1_372' title='bbox 1078 1818 1109 1845; x_wconf 86' lang='lat' dir='ltr'>et</span> <span class='ocrx_word' id='word_1_373' title='bbox 1126 1812 1408 1856; x_wconf 81' lang='lat' dir='ltr'>supportationem</span> <span class='ocrx_word' id='word_1_374' title='bbox 1426 1821 1486 1854; x_wconf 90' lang='lat' dir='ltr'>pro</span> <span class='ocrx_word' id='word_1_375' title='bbox 1503 1812 1571 1843; x_wconf 78' lang='lat' dir='ltr'>rata</span> <span class='ocrx_word' id='word_1_376' title='bbox 1589 1821 1644 1844; x_wconf 90' lang='lat' dir='ltr'>eos</span> <span class='ocrx_word' id='word_1_377' title='bbox 1663 1816 1815 1854; x_wconf 82' lang='lat' dir='ltr'>tangente</span> 
     </span>
     <span class='ocr_line' id='line_1_73' title="bbox 1077 1864 1815 1909; baseline -0.001 -11"><span class='ocrx_word' id='word_1_378' title='bbox 1077 1866 1108 1898; x_wconf 87' lang='lat' dir='ltr'>in</span> <span class='ocrx_word' id='word_1_379' title='bbox 1126 1873 1294 1909; x_wconf 71' lang='lat' dir='ltr'>posterum</span> <span class='ocrx_word' id='word_1_380' title='bbox 1320 1864 1454 1897; x_wconf 88' lang='lat' dir='ltr'>realiter</span> <span class='ocrx_word' id='word_1_381' title='bbox 1481 1869 1514 1897; x_wconf 90' lang='lat' dir='ltr'>et</span> <span class='ocrx_word' id='word_1_382' title='bbox 1538 1874 1609 1896; x_wconf 87' lang='lat' dir='ltr'>cum</span> <span class='ocrx_word' id='word_1_383' title='bbox 1635 1864 1748 1898; x_wconf 79' lang='lat' dir='ltr'>etl&#39;ectu</span> <span class='ocrx_word' id='word_1_384' title='bbox 1768 1870 1815 1898; x_wconf 89' lang='lat' dir='ltr'>te-</span> 
     </span>
     <span class='ocr_line' id='line_1_74' title="bbox 1077 1917 1816 1960; baseline -0.001 -9"><span class='ocrx_word' id='word_1_385' title='bbox 1077 1919 1156 1959; x_wconf 83' lang='lat' dir='ltr'>neri,</span> <span class='ocrx_word' id='word_1_386' title='bbox 1175 1919 1207 1950; x_wconf 92' lang='lat' dir='ltr'>in</span> <span class='ocrx_word' id='word_1_387' title='bbox 1233 1917 1384 1951; x_wconf 88' lang='lat' dir='ltr'>omnibus</span> <span class='ocrx_word' id='word_1_388' title='bbox 1409 1922 1442 1950; x_wconf 87' lang='lat' dir='ltr'>et</span> <span class='ocrx_word' id='word_1_389' title='bbox 1464 1926 1524 1960; x_wconf 91' lang='lat' dir='ltr'>per</span> <span class='ocrx_word' id='word_1_390' title='bbox 1548 1917 1664 1957; x_wconf 89' lang='lat' dir='ltr'>omnia,</span> <span class='ocrx_word' id='word_1_391' title='bbox 1679 1917 1816 1960; x_wconf 89' lang='lat' dir='ltr'>perinde</span> 
     </span>
     <span class='ocr_line' id='line_1_75' title="bbox 1077 1970 1815 2014; baseline 0 -10"><span class='ocrx_word' id='word_1_392' title='bbox 1077 1983 1113 2004; x_wconf 90' lang='lat' dir='ltr'>ac</span> <span class='ocrx_word' id='word_1_393' title='bbox 1134 1972 1158 2004; x_wconf 84' lang='lat' dir='ltr'>si</span> <span class='ocrx_word' id='word_1_394' title='bbox 1178 1971 1281 2004; x_wconf 85' lang='lat' dir='ltr'>dictae</span> <span class='ocrx_word' id='word_1_395' title='bbox 1306 1971 1528 2014; x_wconf 83' lang='lat' dir='ltr'>exemptiones</span> <span class='ocrx_word' id='word_1_396' title='bbox 1547 1976 1579 2003; x_wconf 87' lang='lat' dir='ltr'>et</span> <span class='ocrx_word' id='word_1_397' title='bbox 1596 1970 1815 2004; x_wconf 86' lang='lat' dir='ltr'>immunitates</span> 
     </span>
     <span class='ocr_line' id='line_1_76' title="bbox 1078 2023 1816 2064; baseline 0 -8"><span class='ocrx_word' id='word_1_398' title='bbox 1078 2024 1123 2057; x_wconf 88' lang='lat' dir='ltr'>eis</span> <span class='ocrx_word' id='word_1_399' title='bbox 1156 2025 1343 2057; x_wconf 85' lang='lat' dir='ltr'>nullatenus</span> <span class='ocrx_word' id='word_1_400' title='bbox 1369 2033 1542 2056; x_wconf 84' lang='lat' dir='ltr'>concessae</span> <span class='ocrx_word' id='word_1_401' title='bbox 1568 2023 1727 2064; x_wconf 82' lang='lat' dir='ltr'>fuissent,</span> <span class='ocrx_word' id='word_1_402' title='bbox 1755 2034 1816 2057; x_wconf 86' lang='lat' dir='ltr'>nec</span> 
     </span>
     <span class='ocr_line' id='line_1_77' title="bbox 1077 2077 1816 2120; baseline 0.001 -11"><span class='ocrx_word' id='word_1_403' title='bbox 1077 2078 1204 2110; x_wconf 87' lang='lat' dir='ltr'>litterae</span> <span class='ocrx_word' id='word_1_404' title='bbox 1228 2088 1265 2110; x_wconf 89' lang='lat' dir='ltr'>ac</span> <span class='ocrx_word' id='word_1_405' title='bbox 1288 2077 1423 2110; x_wconf 88' lang='lat' dir='ltr'>cedulae</span> <span class='ocrx_word' id='word_1_406' title='bbox 1445 2077 1691 2120; x_wconf 88' lang='lat' dir='ltr'>motusproprii,</span> <span class='ocrx_word' id='word_1_407' title='bbox 1710 2077 1816 2110; x_wconf 84' lang='lat' dir='ltr'>chiro-</span> 
     </span>
     <span class='ocr_line' id='line_1_78' title="bbox 1077 2130 1813 2174; baseline -0.001 -10"><span class='ocrx_word' id='word_1_408' title='bbox 1077 2132 1179 2173; x_wconf 72' lang='lat' dir='ltr'>graha</span> <span class='ocrx_word' id='word_1_409' title='bbox 1200 2136 1232 2164; x_wconf 90' lang='lat' dir='ltr'>et</span> <span class='ocrx_word' id='word_1_410' title='bbox 1255 2130 1434 2174; x_wconf 85' lang='lat' dir='ltr'>scripturae</span> <span class='ocrx_word' id='word_1_411' title='bbox 1458 2130 1644 2163; x_wconf 81' lang='lat' dir='ltr'>huiusmodi</span> <span class='ocrx_word' id='word_1_412' title='bbox 1670 2140 1813 2173; x_wconf 89' lang='lat' dir='ltr'>unquam</span> 
     </span>
     <span class='ocr_line' id='line_1_79' title="bbox 1077 2182 1815 2223; baseline 0 -6"><span class='ocrx_word' id='word_1_413' title='bbox 1077 2188 1290 2223; x_wconf 88' lang='lat' dir='ltr'>emanassent,</span> <span class='ocrx_word' id='word_1_414' title='bbox 1306 2189 1405 2222; x_wconf 88' lang='lat' dir='ltr'>motu,</span> <span class='ocrx_word' id='word_1_415' title='bbox 1421 2182 1566 2223; x_wconf 77' lang='lat' dir='ltr'>scientia,</span> <span class='ocrx_word' id='word_1_416' title='bbox 1579 2183 1815 2217; x_wconf 88' lang='lat' dir='ltr'>deliberatione</span> 
     </span>
     <span class='ocr_line' id='line_1_80' title="bbox 1077 2236 1814 2281; baseline 0 -11"><span class='ocrx_word' id='word_1_417' title='bbox 1077 2243 1108 2270; x_wconf 89' lang='lat' dir='ltr'>et</span> <span class='ocrx_word' id='word_1_418' title='bbox 1132 2237 1300 2281; x_wconf 84' lang='lat' dir='ltr'>potestatis</span> <span class='ocrx_word' id='word_1_419' title='bbox 1325 2236 1529 2280; x_wconf 88' lang='lat' dir='ltr'>plenitudine</span> <span class='ocrx_word' id='word_1_420' title='bbox 1553 2237 1738 2280; x_wconf 86' lang='lat' dir='ltr'>praedictis,</span> <span class='ocrx_word' id='word_1_421' title='bbox 1760 2237 1814 2270; x_wconf 90' lang='lat' dir='ltr'>de-</span> 
     </span>
     <span class='ocr_line' id='line_1_81' title="bbox 1077 2291 1252 2324; baseline -0.006 0"><span class='ocrx_word' id='word_1_422' title='bbox 1077 2291 1252 2324; x_wconf 87' lang='lat' dir='ltr'>cernimus.</span> 
     </span>
    </p>
   </div>
   <div class='ocr_carea' id='block_1_5' title="bbox 1814 229 2000 257">
    <p class='ocr_par' dir='ltr' id='par_1_5' title="bbox 1814 229 2000 257">
     <span class='ocr_line' id='line_1_82' title="bbox 1814 229 2000 257; baseline 0.011 -3"><span class='ocrx_word' id='word_1_423' title='bbox 1814 230 1866 256; x_wconf 71' lang='lat' dir='ltr'>Ar..</span> <span class='ocrx_word' id='word_1_424' title='bbox 1887 229 1914 257; x_wconf 84' lang='lat' dir='ltr'>C.</span> <span class='ocrx_word' id='word_1_425' title='bbox 1935 229 2000 256; x_wconf 70' lang='lat'>1580</span> 
     </span>
    </p>
   </div>
   <div class='ocr_carea' id='block_1_6' title="bbox 298 2341 1036 2654">
    <p class='ocr_par' dir='ltr' id='par_1_6' title="bbox 298 2341 1036 2654">
     <span class='ocr_line' id='line_1_83' title="bbox 299 2341 1036 2386; baseline 0.005 -13"><span class='ocrx_word' id='word_1_426' title='bbox 299 2350 335 2374; x_wconf 89' lang='lat' dir='ltr'>ex</span> <span class='ocrx_word' id='word_1_427' title='bbox 363 2341 424 2374; x_wconf 75' lang='lat' dir='ltr'>alia</span> <span class='ocrx_word' id='word_1_428' title='bbox 449 2351 653 2385; x_wconf 83' lang='lat' dir='ltr'>quacumque</span> <span class='ocrx_word' id='word_1_429' title='bbox 684 2344 888 2386; x_wconf 82' lang='lat' dir='ltr'>quantumvis</span> <span class='ocrx_word' id='word_1_430' title='bbox 913 2345 1036 2378; x_wconf 83' lang='lat' dir='ltr'>favora-</span> 
     </span>
     <span class='ocr_line' id='line_1_84' title="bbox 298 2394 1034 2438; baseline 0.005 -11"><span class='ocrx_word' id='word_1_431' title='bbox 298 2394 356 2428; x_wconf 84' lang='lat' dir='ltr'>bili</span> <span class='ocrx_word' id='word_1_432' title='bbox 381 2405 418 2427; x_wconf 83' lang='lat' dir='ltr'>ac</span> <span class='ocrx_word' id='word_1_433' title='bbox 452 2395 687 2438; x_wconf 79' lang='lat' dir='ltr'>urgentissima</span> <span class='ocrx_word' id='word_1_434' title='bbox 721 2400 753 2429; x_wconf 84' lang='lat' dir='ltr'>et</span> <span class='ocrx_word' id='word_1_435' title='bbox 777 2397 815 2429; x_wconf 89' lang='lat' dir='ltr'>de</span> <span class='ocrx_word' id='word_1_436' title='bbox 841 2399 1034 2431; x_wconf 87' lang='lat' dir='ltr'>necessitate</span> 
     </span>
     <span class='ocr_line' id='line_1_85' title="bbox 299 2447 1034 2494; baseline 0.001 -13"><span class='ocrx_word' id='word_1_437' title='bbox 299 2447 488 2491; x_wconf 84' lang='lat' dir='ltr'>specialiter</span> <span class='ocrx_word' id='word_1_438' title='bbox 511 2448 722 2491; x_wconf 69' lang='lat' dir='ltr'>exprimenda</span> <span class='ocrx_word' id='word_1_439' title='bbox 747 2452 852 2490; x_wconf 83' lang='lat' dir='ltr'>causa,</span> <span class='ocrx_word' id='word_1_440' title='bbox 880 2450 940 2482; x_wconf 88' lang='lat' dir='ltr'>sub</span> <span class='ocrx_word' id='word_1_441' title='bbox 966 2451 1034 2494; x_wconf 87' lang='lat' dir='ltr'>qni-</span> 
     </span>
     <span class='ocr_line' id='line_1_86' title="bbox 298 2500 1035 2547; baseline 0.007 -15"><span class='ocrx_word' id='word_1_442' title='bbox 298 2500 499 2544; x_wconf 87' lang='lat' dir='ltr'>buscumque</span> <span class='ocrx_word' id='word_1_443' title='bbox 524 2501 698 2534; x_wconf 88' lang='lat' dir='ltr'>verborum</span> <span class='ocrx_word' id='word_1_444' title='bbox 724 2502 835 2535; x_wconf 81' lang='lat' dir='ltr'>formis</span> <span class='ocrx_word' id='word_1_445' title='bbox 855 2508 886 2536; x_wconf 90' lang='lat' dir='ltr'>et</span> <span class='ocrx_word' id='word_1_446' title='bbox 905 2514 1035 2547; x_wconf 88' lang='lat' dir='ltr'>expres-</span> 
     </span>
     <span class='ocr_line' id='line_1_87' title="bbox 300 2553 1035 2598; baseline 0.005 -13"><span class='ocrx_word' id='word_1_447' title='bbox 300 2553 470 2592; x_wconf 87' lang='lat' dir='ltr'>sionibus,</span> <span class='ocrx_word' id='word_1_448' title='bbox 498 2554 625 2586; x_wconf 87' lang='lat' dir='ltr'>etiamsi</span> <span class='ocrx_word' id='word_1_449' title='bbox 650 2554 683 2587; x_wconf 92' lang='lat' dir='ltr'>in</span> <span class='ocrx_word' id='word_1_450' title='bbox 707 2556 919 2598; x_wconf 87' lang='lat' dir='ltr'>appaltuum,</span> <span class='ocrx_word' id='word_1_451' title='bbox 949 2557 1035 2589; x_wconf 88' lang='lat' dir='ltr'>loca-</span> 
     </span>
     <span class='ocr_line' id='line_1_88' title="bbox 300 2607 1034 2654; baseline 0.003 -14"><span class='ocrx_word' id='word_1_452' title='bbox 300 2607 425 2643; x_wconf 86' lang='lat' dir='ltr'>tionum</span> <span class='ocrx_word' id='word_1_453' title='bbox 451 2607 659 2642; x_wconf 83' lang='lat' dir='ltr'>cameralium</span> <span class='ocrx_word' id='word_1_454' title='bbox 687 2607 911 2643; x_wconf 88' lang='lat' dir='ltr'>instrumentis</span> <span class='ocrx_word' id='word_1_455' title='bbox 935 2620 1034 2654; x_wconf 87' lang='lat' dir='ltr'>quan-</span> 
     </span>
    </p>
   </div>
   <div class='ocr_carea' id='block_1_7' title="bbox 1120 2342 2005 2395">
    <p class='ocr_par' dir='ltr' id='par_1_7' title="bbox 1120 2342 2005 2395">
     <span class='ocr_line' id='line_1_89' title="bbox 1120 2342 2005 2395; baseline 0.001 -19"><span class='ocrx_word' id='word_1_456' title='bbox 1120 2345 1134 2387; x_wconf 61' lang='grc' dir='ltr'><strong>ἓ</strong></span> <span class='ocrx_word' id='word_1_457' title='bbox 1158 2343 1189 2376; x_wconf 72' lang='lat'>02.</span> <span class='ocrx_word' id='word_1_458' title='bbox 1215 2343 1384 2376; x_wconf 88' lang='lat' dir='ltr'>Praeterea</span> <span class='ocrx_word' id='word_1_459' title='bbox 1408 2342 1516 2376; x_wconf 87' lang='lat' dir='ltr'>omnia</span> <span class='ocrx_word' id='word_1_460' title='bbox 1537 2347 1568 2376; x_wconf 87' lang='lat' dir='ltr'>et</span> <span class='ocrx_word' id='word_1_461' title='bbox 1591 2349 2005 2395; x_wconf 43' lang='lat' dir='ltr'>quaecumquer{sananim-</span> 
     </span>
    </p>
   </div>
   <div class='ocr_carea' id='block_1_8' title="bbox 1075 2380 2006 2598">
    <p class='ocr_par' dir='ltr' id='par_1_8' title="bbox 1075 2380 2006 2598">
     <span class='ocr_line' id='line_1_90' title="bbox 1077 2380 2006 2451; baseline -0.001 -20"><span class='ocrx_word' id='word_1_462' title='bbox 1077 2398 1247 2442; x_wconf 79' lang='lat' dir='ltr'>privilegia</span> <span class='ocrx_word' id='word_1_463' title='bbox 1271 2402 1303 2430; x_wconf 86' lang='lat' dir='ltr'>et</span> <span class='ocrx_word' id='word_1_464' title='bbox 1326 2396 1463 2436; x_wconf 88' lang='lat' dir='ltr'>indulta,</span> <span class='ocrx_word' id='word_1_465' title='bbox 1490 2397 1640 2439; x_wconf 88' lang='lat' dir='ltr'>personis</span> <span class='ocrx_word' id='word_1_466' title='bbox 1659 2380 2006 2451; x_wconf 39' lang='lat' dir='ltr'>ecclesia·tiisffid¹iffi3ffi</span> 
     </span>
     <span class='ocr_line' id='line_1_91' title="bbox 1076 2449 1958 2493; baseline -0.001 -10"><span class='ocrx_word' id='word_1_467' title='bbox 1076 2451 1180 2490; x_wconf 83' lang='lat' dir='ltr'>sticis,</span> <span class='ocrx_word' id='word_1_468' title='bbox 1207 2456 1271 2483; x_wconf 86' lang='lat' dir='ltr'>tam</span> <span class='ocrx_word' id='word_1_469' title='bbox 1295 2449 1517 2482; x_wconf 87' lang='lat' dir='ltr'>saecularibus</span> <span class='ocrx_word' id='word_1_470' title='bbox 1543 2460 1640 2493; x_wconf 89' lang='lat' dir='ltr'>quam</span> <span class='ocrx_word' id='word_1_471' title='bbox 1673 2450 1958 2483; x_wconf 63' lang='lat' dir='ltr'>cuiusvisruducuutur-</span> 
     </span>
     <span class='ocr_line' id='line_1_92' title="bbox 1076 2502 1812 2546; baseline 0 -10"><span class='ocrx_word' id='word_1_472' title='bbox 1076 2504 1216 2544; x_wconf 87' lang='lat' dir='ltr'>Ordinis,</span> <span class='ocrx_word' id='word_1_473' title='bbox 1243 2503 1506 2546; x_wconf 79' lang='lat' dir='ltr'>congregationis</span> <span class='ocrx_word' id='word_1_474' title='bbox 1533 2507 1564 2535; x_wconf 87' lang='lat' dir='ltr'>et</span> <span class='ocrx_word' id='word_1_475' title='bbox 1592 2502 1751 2542; x_wconf 86' lang='lat' dir='ltr'>instituti,</span> <span class='ocrx_word' id='word_1_476' title='bbox 1775 2513 1812 2536; x_wconf 86' lang='lat' dir='ltr'>ac</span> 
     </span>
     <span class='ocr_line' id='line_1_93' title="bbox 1075 2555 1812 2598; baseline -0.004 -8"><span class='ocrx_word' id='word_1_477' title='bbox 1075 2556 1242 2590; x_wconf 80' lang='lat' dir='ltr'>Societatis</span> <span class='ocrx_word' id='word_1_478' title='bbox 1269 2557 1366 2589; x_wconf 87' lang='lat' dir='ltr'>etiam</span> <span class='ocrx_word' id='word_1_479' title='bbox 1391 2556 1461 2589; x_wconf 91' lang='lat' dir='ltr'>Iesu</span> <span class='ocrx_word' id='word_1_480' title='bbox 1482 2555 1693 2598; x_wconf 81' lang='lat' dir='ltr'>regularibus,</span> <span class='ocrx_word' id='word_1_481' title='bbox 1712 2566 1812 2598; x_wconf 78' lang='lat' dir='ltr'>super</span> 
     </span>
    </p>
   </div>
   <div class='ocr_carea' id='block_1_9' title="bbox 1077 2607 1812 2653">
    <p class='ocr_par' dir='ltr' id='par_1_9' title="bbox 1077 2607 1812 2653">
     <span class='ocr_line' id='line_1_94' title="bbox 1077 2607 1812 2653; baseline -0.001 -10"><span class='ocrx_word' id='word_1_482' title='bbox 1077 2610 1234 2644; x_wconf 86' lang='lat' dir='ltr'>similibus</span> <span class='ocrx_word' id='word_1_483' title='bbox 1258 2609 1515 2643; x_wconf 87' lang='lat' dir='ltr'>immunitatibus</span> <span class='ocrx_word' id='word_1_484' title='bbox 1547 2614 1578 2642; x_wconf 90' lang='lat' dir='ltr'>et</span> <span class='ocrx_word' id='word_1_485' title='bbox 1602 2607 1812 2653; x_wconf 86' lang='lat' dir='ltr'>exemptioni-</span> 
     </span>
    </p>
   </div>
  </div>
 </body>
</html>
