2254 3225
243 197 290 224 An.
309 197 338 224 C.
360 198 424 224 4091
472 189 536 223 3702

258 1795 326 1816 Cur-r
342 1793 357 1815 1.
396 1821 400 1824 ²

265 1832 275 1843 t«
297 1827 401 1841 commum

231 1854 387 1875 prm-mmmm
412 1840 553 1872 habeant
578 1841 793 1883 provinciales
812 1848 844 1875 et
867 1849 1008 1887 quatuor
1032 1845 1143 1878 defini-

218 1875 328 1900 rigimine.

438 246 474 285 ri,
501 252 534 279 ut
558 258 596 281 ea
620 247 1000 292 quiderrs'cum*'ir‘ierito
1031 260 1063 288 et
1085 256 1165 288 reli·

437 300 525 342 giosc
549 302 740 346 suscipiant,
763 305 827 338 illis
853 307 1025 340 salubriter
1049 309 1168 341 consti-

437 354 565 396 tuimus,
575 361 610 388 ut
626 367 732 398 nemo,
748 359 869 402 absque
887 360 1020 403 speciali
1037 361 1167 395 licentia

434 408 580 451 magistri
604 416 656 443 aut
679 413 906 454 provincialis,
931 414 1069 447 officium
1101 416 1161 448 ali-

434 461 535 503 quod,
561 464 709 505 gradum,
734 465 926 499 beneficium
948 472 1002 500 aut
1026 468 1164 510 dignita-

433 517 496 548 tem
513 520 662 550 assumat⁴
679 517 771 555 Quod
788 519 813 551 si
828 529 919 552 secus
937 520 1059 561 feeerit,
1073 531 1164 564 prae-

431 567 515 600 senti
533 569 760 604 constitutione
784 571 942 615 suffragiis
966 578 998 605 et
1013 574 1161 606 omnibus

429 618 597 654 beneficiis
633 623 852 665 spiritualibus
891 624 1019 659 Ordinis
1058 627 1160 659 nostri

428 672 596 714 privamus.
621 675 723 709 Fratri
748 677 854 718 etiam,
873 678 978 721 quiin
1002 679 1159 722 dignitate

427 727 630 769 constitutus,
653 729 703 761 vel
728 728 838 772 quavis
864 731 924 764 alia
949 735 1045 765 eausa
1069 738 1159 766 extra

425 777 577 813 Ordinem
609 781 738 823 vivens,
765 783 912 817 habitum
948 790 980 818 et
1014 786 1180 838 instituta]

423 830 551 865 OrdInis
568 843 633 866 non
650 836 835 877 servaverit,
857 836 1011 881 suffragia
1027 838 1155 873 Ordinis

423 884 573 919 similiter
596 886 835 922 interdicimus.

465 948 501 971 11.
515 939 547 971 Si
565 940 636 982 quis
654 946 763 974 autem
780 941 966 978 huiusmodi
982 944 1152 986 beneficia,

421 991 537 1032 gradus
562 997 593 1025 et
617 993 792 1035 dignitates
807 1021 815 1035 ,
836 998 887 1030 vel
912 996 1066 1041 alioquin,
1085 999 1153 1032 sine

419 1041 484 1075 illis
509 1049 562 1076 aut
585 1045 770 1079 rationabili
790 1050 892 1089 causa,
916 1049 1012 1082 vitam
1034 1050 1153 1093 degere

420 1100 509 1128 extra
537 1095 690 1131 Ordinem
718 1100 881 1133 favoribus
906 1103 1148 1145 procuraverit,

417 1157 538 1191 eosque
556 1151 747 1192 praesertim
760 1153 800 1186 ab
821 1153 982 1187 extraneis
1000 1156 1151 1197 personis

418 1201 604 1244 obtinuerit,
617 1215 744 1247 poenae
762 1207 920 1250 gravioris
946 1209 1060 1252 eulpae
1080 1209 1150 1253 ipso

416 1254 501 1289 sacto
526 1256 703 1291 subiaceat.

404 1352 406 1354 ι
610 1325 791 1350 ΒῐετῐΝοΤΙο
818 1327 953 1352 OCTAVA.

434 1363 474 1396 De
495 1369 567 1396 statu
588 1371 614 1396 et
636 1370 764 1406 reyimine
779 1371 900 1400 omnium
919 1373 1129 1410 provinciarum

574 1414 686 1446 Ordinis
712 1422 736 1446 et
757 1418 896 1449 domorum
917 1422 987 1450 eius.

459 1466 538 1505 Quia
562 1479 669 1512 neque
694 1480 881 1513 commune,
907 1483 1015 1517 neque
1040 1477 1144 1518 parti-

414 1521 524 1554 culare
549 1523 792 1565 provinciarum
817 1531 848 1558 et
872 1526 1039 1560 domorum
1064 1530 1146 1571 regi-

412 1583 510 1614 men,
536 1585 641 1618 neque
672 1576 777 1610 officia
802 1583 987 1621 opportune
1011 1585 1042 1612 et
1066 1581 1143 1614 satis

412 1628 583 1670 complecti
607 1629 782 1671 potuimus,
800 1641 838 1664 ea
863 1632 973 1665 omnia
997 1633 1029 1665 in
1056 1644 1145 1676 prae-

411 1680 494 1712 senti
519 1680 725 1715 distinetione
751 1683 939 1726 digerimus,
965 1686 1020 1718 ubi
1046 1697 1144 1729 quae-

412 1742 474 1775 que
498 1733 654 1767 hactenus
672 1735 857 1770 desiderata
880 1737 1097 1772 subdidimus.

456 1797 478 1819 1.
505 1786 622 1820 Omnes
646 1787 775 1821 Ordinis
792 1790 977 1832 provinciae
995 1791 1142 1834 singulos

412 1897 499 1925 tores
522 1893 622 1933 illius,
636 1899 668 1926 et
684 1905 742 1938 pro
758 1895 908 1938 capitulis
935 1899 1143 1939 generalibus

411 1946 491 1978 duos
526 1946 715 1980 definitores
751 1950 920 1991 generales
944 1953 976 1983 et
1005 1951 1142 1984 totidem

411 2000 582 2039 electores,
606 2006 702 2043 atque
727 2001 823 2034 etiam
847 2012 908 2045 pro
933 2003 1070 2045 singulis
1089 2004 1143 2037 do-

398 2043 514 2084 mibus
549 2053 701 2095 proprios
726 2055 889 2097 praelatos
914 2056 1036 2089 locales
1052 2084 1059 2098 ,
1088 2058 1142 2100 qui

409 2105 690 2138 commendatores
730 2108 937 2150 appellantur
956 2135 964 2149 ,
999 2110 1141 2152 exeeptis

410 2161 533 2189 tantum
560 2158 599 2190 ad
623 2158 770 2201 regimen
788 2160 1002 2203 collegiorum
1018 2162 1141 2202 electis,

410 2210 527 2253 quibus
550 2216 713 2244 rectorum
730 2222 850 2245 nomen
863 2214 1094 2256 permittimus,
1111 2220 1142 2248 et

409 2264 449 2296 ad
463 2263 734 2297 Barchinonensis
751 2272 932 2299 conventus
947 2268 1142 2309 gubernium

409 2316 580 2356 destinato,
592 2316 704 2359 quem¹
715 2318 834 2360 prioris
849 2319 999 2352 nomine2
1016 2321 1142 2354 datura³

390 2411 393 2415 Ι
408 2369 449 2403 01)
462 2380 573 2403 causas
588 2380 660 2414 cap.
676 2381 708 2405 lv
726 2371 945 2406 distinctionis
960 2375 1142 2417 sequentis⁴

443 2461 456 2486 1
478 2459 548 2487 Edit.
570 2459 649 2486 Μαίη.
670 2460 736 2495 legit
753 2468 839 2495 quam
856 2462 898 2495 (n.
918 2463 967 2496 Τ.).

444 2504 460 2530 2
475 2503 545 2530 Edit.
562 2503 646 2530 Main.
662 2503 727 2539 legit
747 2513 850 2531 nomen
869 2508 907 2538 (n.
924 2507 972 2538 τ.).

443 2547 459 2574 3
479 2547 531 2574 Vox
551 2548 655 2575 datura
667 2553 772 2582 praeter
781 2557 840 2575 rem
851 2557 910 2576 esse
921 2548 1025 2576 videtur
1039 2550 1078 2583 (n.
1094 2552 1141 2585 12).

444 2591 459 2618 4
479 2591 569 2620 Potius
584 2591 641 2627 lege
656 2592 743 2621 huius
758 2593 951 2621 distinctionis
965 2594 1002 2628 (n.
1018 2594 1066 2629 T.).

1010 205 1189 231 BULLARIUM
1213 207 1366 232 Romnum

1212 257 1423 299 assignandas
1449 258 1678 295 inviolabiliter
1708 257 1848 306 gaudere
1880 264 1938 298 de-

1210 310 1385 344 cernimus.
1407 313 1443 344 Ili
1465 319 1573 347 autem
1591 326 1703 350 omnes
1727 318 1890 360 eligantur
1906 324 1941 352 ut

1208 362 1240 394 in
1275 363 1484 399 distinctione
1516 369 1675 410 superiori
1707 371 1936 413 praediximus.

1207 413 1364 452 Quocirca
1388 417 1587 453 declaramus
1620 431 1657 454 ea
1689 423 1798 456 omnia
1821 424 1938 458 intelli-

1206 469 1310 509 genda
1334 480 1405 504 esse
1431 473 1470 505 de
1495 474 1671 517 provinciis
1702 477 1786 509 veriS
1817 487 1852 510 ac
1876 477 1938 511 sor-

1206 522 1308 562 matis,
1333 534 1399 557 non
1429 530 1535 558 autem
1561 527 1601 559 de
1630 529 1936 571 congregationibus

1205 579 1258 606 aut
1281 576 1457 618 provinciis
1478 578 1704 620 nominalibus,
1725 591 1806 623 quae
1827 582 1936 616 adhuc

1204 625 1236 658 in
1259 637 1348 661 veras
1377 630 1560 672 provincias
1591 637 1717 666 erectae
1741 642 1808 667 non
1832 640 1932 676 sunt;

1202 679 1261 712 has
1287 681 1373 714 enirn
1407 682 1490 716 insi-a
1526 684 1582 717 sub
1614 685 1750 729 speciali
1774 687 1933 730 regimine

1202 735 1436 769 constituimus.
1940 742 1943 746 ⁴

1245 798 1280 821 11.
1299 788 1388 822 Circa
1404 800 1575 824 numerum
1595 793 1832 835 graduatorum,
1850 804 1932 837 quos

1175 840 1179 858 ¹
1199 840 1335 883 singulis
1359 843 1535 885 provinciis
1562 844 1824 888 designabimus,
1847 847 1934 880 simi-

1198 893 1273 926 liter
1297 894 1501 929 declaramus
1517 921 1525 935 ‚
1551 898 1636 940 quod
1665 900 1768 931 omnis
1796 910 1933 942 congre-

1197 946 1292 988 gatio,
1312 947 1416 980 donec
1442 949 1513 982 talis
1538 950 1682 983 extiterit
1702 957 1733 984 et
1764 952 1797 984 in
1821 963 1930 985 veram

1196 999 1394 1040 provinciam
1428 1011 1494 1033 non
1531 1002 1683 1044 erigatur,
1708 1005 1831 1036 nullam
1865 1005 1930 1038 vim

1196 1051 1315 1084 habeat
1332 1053 1370 1085 ad
1394 1054 1588 1095 graduatum
1606 1055 1746 1098 aliquem
1764 1059 1931 1099 postulan-

1195 1103 1288 1144 dum,
1315 1115 1397 1147 quae
1423 1111 1527 1139 autem
1552 1107 1615 1140 iam
1640 1108 1737 1141 suerit
1756 1120 1829 1141 vera
1851 1120 1930 1153 pro-

1194 1156 1315 1198 vincia,
1334 1158 1378 1190 ita
1394 1159 1622 1201 magistrorum
1648 1166 1680 1193 et
1704 1168 1929 1204 praesentato-

1193 1220 1264 1242 rum
1277 1220 1430 1244 numeros
1448 1211 1480 1243 in
1493 1213 1661 1255 praedicta
1674 1214 1882 1248 distinetione
1897 1226 1927 1250 vi

1192 1262 1362 1306 praefixos,
1378 1270 1410 1297 et
1429 1266 1633 1300 conditiones
1658 1268 1709 1300 ad·
1724 1278 1780 1301 eos
1804 1268 1926 1303 ibidem

1192 1316 1356 1359 appositas
1368 1318 1535 1351 observari
1549 1320 1778 1363 praecipimus,
1790 1323 1926 1355 utnulla

1191 1370 1393 1411 excogitabili
1425 1372 1550 1405 ratione
1574 1373 1720 1414 praefata
1744 1374 1839 1407 liceat
1862 1380 1926 1407 sta-

1189 1427 1255 1454 tuta
1277 1424 1523 1464 transcendere,
1558 1426 1769 1468 quamobrem
1802 1432 1923 1460 taxatur

1166 1434 1338 1518 'capitulis
1361 1477 1616 1519 provincialibus
1652 1483 1792 1522 potestas
1826 1490 1925 1523 expo-

1163 1506 1169 1567 i
1187 1528 1287 1561 nendi
1305 1533 1401 1572 atque
1421 1529 1515 1561 etiam
1540 1530 1692 1572 magistro
1710 1531 1923 1565 confirmandi

1187 1582 1306 1623 gradus
1339 1581 1408 1614 sine
1445 1582 1687 1615 conditionibus
1715 1594 1732 1616 a
1764 1585 1922 1617 constitu-

1186 1634 1274 1667 tione
1300 1635 1475 1674 ordinatis;
1494 1641 1526 1668 et
1542 1635 1567 1668 si
1585 1636 1678 1669 aliter
1701 1637 1920 1678 conserantur,

1186 1687 1257 1730 ipso
1282 1687 1367 1720 sacto
1392 1688 1457 1720 sint
1481 1688 1573 1728 irriti,
1600 1689 1724 1722 etiamsi
1756 1691 1921 1733 provincia

1186 1741 1227 1773 sit
1261 1741 1400 1783 exigua,
1428 1742 1648 1785 ¹numerisque
1690 1744 1921 1785 graduatorum

1186 1803 1257 1825 cum
1275 1793 1401 1826 statutis
1416 1793 1654 1827 conditionibus
1668 1805 1732 1827 non
1747 1795 1921 1829 sufficiens.

1229 1855 1277 1879 111.
1304 1845 1394 1884 Quod
1419 1846 1445 1878 si
1470 1846 1502 1878 in
1526 1847 1717 1889 regionibus
1743 1848 1918 1891 aliquibus,

1185 1904 1287 1932 tractu
1309 1899 1463 1942 temporis
1480 1899 1634 1932 Ordinem
1650 1901 1827 1943 propagari
1848 1912 1922 1934 con·

1186 1952 1295 1994 tingat,
1316 1957 1346 1985 et
1363 1951 1416 1984 siat
1442 1952 1548 1995 aliqua
1573 1953 1741 1986 domorum
1766 1964 1921 1997 aggrega-

1186 2004 1227 2038 tio
1245 2005 1283 2037 ab
1304 2005 1368 2038 illis
1385 2005 1560 2048 provinciis
1579 2011 1734 2048 separata,
1754 2017 1834 2049 quae
1852 2017 1919 2039 non

1184 2057 1225 2089 sit
1250 2058 1355 2090 adhue
1379 2057 1411 2089 in
1436 2068 1545 2090 veram
1569 2058 1764 2100 provinciam
1790 2064 1917 2099 erecta,

1184 2112 1241 2144 sed
1261 2115 1384 2143 tantum
1404 2111 1615 2153 congregatio
1641 2111 1802 2153 specialis,
1829 2117 1864 2143 nt
1881 2122 1919 2144 ea

1184 2175 1279 2208 quani
1303 2163 1388 2196 Ordo
1420 2163 1562 2206 possidet
1588 2163 1620 2195 in
1645 2163 1833 2206 regionibus
1857 2165 1919 2198 Ma-

1185 2216 1337 2259 ragnonis
1373 2227 1513 2249 coronae
1545 2216 1780 2258 portugalliae,
1808 2217 1918 2258 illam,

1184 2279 1406 2314 quaecumque
1425 2270 1477 2310 sit,
1493 2270 1520 2302 si
1538 2279 1603 2302 non
1618 2269 1770 2302 habuerit
1787 2268 1918 2303 aliunde

1185 2324 1357 2366 specialem
1375 2323 1512 2356 sormam
1525 2323 1693 2365 regiminis
1710 2334 1727 2355 a
1740 2323 1822 2356 Sede
1837 2323 1919 2366 Apo-

1186 2376 1300 2409 stolica
1325 2375 1494 2415 indultam,
1512 2375 1611 2408 veluti
1632 2375 1840 2417 congregatio
1865 2375 1920 2408 Pa-

1186 2429 1342 2469 risiensis,
1360 2428 1404 2460 ita
1419 2428 1571 2461 constitui
1587 2433 1619 2460 et
1636 2427 1809 2470 gubernari
1826 2438 1920 2471 prae-

1186 2481 1340 2524 cipimus,
1366 2485 1401 2512 ut
1424 2480 1486 2523 ipsi
1511 2479 1663 2513 videlicet
1686 2480 1839 2522 magister
1862 2480 1920 2513 Or-

1187 2533 1271 2565 dinis
1307 2542 1408 2565 nnum
1441 2531 1698 2565 commissarium
1731 2533 1918 2575 generalem

1187 2584 1374 2628 prietieiat,
1401 2596 1472 2618 eum
1509 2587 1546 2617 ea
1579 2585 1728 2618 facultate
1754 2584 1918 2619 ordinaria

1947 216 1997 244 An.
2013 216 2043 246 C.
2063 218 2128 246 169¹
