2254 3225
251 257 300 284 An.
317 257 345 283 c.
368 256 435 284 1699
481 248 545 282 870

276 425 359 444 Cium·¹
371 425 434 445 buius

248 455 416 472 constitutionis.

274 1863 390 1885 Proliibitio
402 1866 432 1886 di-

246 1892 273 1911 rll
304 1892 350 1912 {ibri
382 1895 430 1912 lan-

246 1922 310 1943 quam
340 1921 431 1939 temera-

246 1950 285 1968 ru,
300 1946 429 1969 scandalum,

245 1972 298 1990 male
327 1973 408 1991 sonau'

246 1998 349 2021 offensui,
360 2000 428 2024 perui-

244 2029 295 2043 cmst
309 2027 327 2043 el
344 2031 426 2045 erronei

245 2053 301 2070 inutn
343 2054 428 2078 propris·

245 2075 307 2097 sacta.

623 308 824 336 Innocentius
845 309 924 342 Papa
944 310 1008 343 ΧΠ,

563 353 599 380 ad
621 358 797 387 perpetuam
817 355 863 382 rei
883 356 1067 382 memoriam.

488 415 555 458 gi.
581 415 657 449 Cum
684 417 763 450 alias
791 418 827 450 ad
855 419 1055 461 apostolatus
1084 418 1185 451 nostri

445 523 568 555 librum
595 525 767 566 quemdam
797 524 914 566 galliCo
940 525 1096 557 idiomate
1123 525 1188 556 edi-

447 581 538 616 tum,
564 578 613 609 cui
640 578 771 610 titulus:
797 578 1007 620 Explicalion
1033 578 1086 610 des
1110 589 1183 609 nva-

443 629 547 662 oez‘mes
571 630 624 661 cles
648 629 760 662 Scu‘nts
784 641 841 662 sur
867 630 899 662 ἰα
923 631 971 663 eie
997 631 1185 669 infflrieure,

440 692 505 726 par
534 683 665 715 messire
695 683 855 723 Franeois
883 683 921 716 de
949 684 1108 727 Sulz'ynnc
1132 684 1188 717 Fe'-

443 736 552 777 nelon,
581 737 781 780 arclzeveque
805 738 843 770 de
869 738 1047 781 Camlzray,
1080 739 1187 781 prece-

443 793 541 832 pleur
565 789 603 822 de
628 791 862 833 messeiyneurs
887 791 963 824 dues
983 791 1021 824 de
1042 792 1188 835 Bourqo-

441 853 511 885 yne,
538 843 683 887 d¹Anj0u
704 848 731 876 e!
750 844 787 876 de
804 845 920 887 Berry.
944 845 971 878 A
993 845 1091 877 Paris
1113 845 1186 877 claez

442 896 557 929 Pierre
570 896 699 940 Emery,
714 897 848 931 Claarlcs
859 898 1005 931 Clousier
1018 908 1183 938 MDCXCVIV,

444 948 559 991 ingens
583 960 659 982 vero
690 950 827 983 subinde
854 951 892 983 de
918 961 982 984 non
1009 953 1086 983 sana
1111 951 1184 983 libri

443 1001 630 1035 huiusmodi
658 1003 805 1036 doctrina
832 1004 989 1037 excitatus
1016 1005 1047 1037 in
1073 1004 1184 1038 Galliis

442 1065 554 1088 rumor
586 1055 668 1089 adeo
706 1057 930 1099 percrebuerit
967 1063 1002 1089 ut
1027 1064 1186 1101 opportu-

443 1119 516 1142 nam
541 1111 715 1153 pastoralis
740 1110 926 1153 vigilantiae
952 1118 1082 1145 nostrae
1108 1123 1186 1155 ope-

443 1172 510 1194 ram
538 1162 783 1206 efflagitaverit:
806 1174 864 1197 nos
890 1165 1039 1198 eumdem
1065 1165 1183 1198 librum

442 1217 610 1249 nonnullis
628 1228 664 1249 ex
691 1218 932 1251 venerabilibus
960 1219 1111 1252 fratribus
1129 1230 1186 1252 no-

442 1268 515 1301 stris
533 1269 564 1302 S.
597 1269 634 1302 R.
664 1270 698 1302 E.
730 1270 960 1311 cardinalibus,
988 1271 1125 1315 aliisque
1152 1272 1183 1304 in

443 1326 534 1356 sacra
556 1324 722 1367 theologia
740 1325 913 1367 magistris,
928 1331 1061 1365 mature,
1082 1332 1116 1358 ut
1136 1327 1183 1359 rei

441 1377 582 1419 gravitas
607 1379 777 1421 postulare
795 1378 976 1419 videbatur,
997 1379 1185 1412 examinan-

445 1430 520 1463 dum
555 1432 790 1465 commisimus.
819 1433 920 1466 Porro
955 1433 987 1465 hi
1024 1433 1184 1466 mandatis

443 1484 563 1517 nostris
589 1486 818 1528 obsequentes,
838 1492 1008 1530 postquam
1026 1487 1058 1519 in
1079 1498 1184 1531 quam-

441 1538 592 1581 plurimis
625 1540 938 1582 congregationibus
972 1541 1076 1573 varias
1107 1551 1184 1584 pro-

441 1591 626 1634 positiones
645 1603 680 1625 ex
698 1593 810 1626 eodem
830 1594 913 1626 libro
932 1600 1100 1637 excerptas
1118 1594 1183 1627 diu-

444 1649 540 1678 turno
558 1651 777 1688 accuratoque
792 1647 938 1679 examine
954 1647 1181 1687 discusserant,

443 1698 520 1741 quid
547 1709 645 1742 super
670 1709 779 1732 earum
806 1700 941 1742 singulis
971 1700 1030 1733 sibi
1056 1700 1182 1734 videre-

423 1756 494 1784 .tur
519 1757 581 1784 tam
607 1763 684 1786 voce
710 1764 807 1797 quam
825 1753 946 1797 scripto
965 1753 1061 1787 nobis
1086 1765 1183 1798 expo-

441 1811 587 1838 suerunt.

486 1858 501 1901 §
526 1858 557 1891 ⁶2.
578 1859 705 1892 Auditis
727 1860 826 1903 igitur
847 1860 879 1893 in
903 1860 1180 1904 pluribusitidem

441 1924 548 1946 coram
574 1914 668 1947 nobis
694 1915 838 1958 desuper
861 1916 940 1949 actis
959 1916 1182 1958 congregatio-

405 1967 536 2000 mnibus
563 1973 817 2001 memoratorum
851 1969 1065 2002 cardinalium
1090 1974 1123 2003 et
1149 1970 1180 2002 in

439 2023 528 2053 sacra
555 2021 719 2063 theologia
744 2022 974 2064 magistrorum
1000 2023 1179 2063 sententiis,

440 2074 592 2106 dominici
608 2074 715 2117 gregis
733 2075 826 2108 nobis
844 2075 883 2108 ab
901 2076 1033 2109 AEterno
1048 2076 1180 2110 Pastore

439 2127 553 2160 crediti
580 2128 743 2170 periculis,
759 2134 914 2171 quantum
941 2130 1035 2163 nobis
1056 2141 1091 2163 ex
1114 2132 1179 2164 alto

440 2181 644 2221 conceditur,
671 2192 845 2215 occurrere
872 2183 1063 2226 cupientes,
1088 2189 1178 2217 motu

440 2234 582 2277 proprio,
603 2245 638 2267 ac
659 2245 694 2267 ex
727 2238 815 2268 certa
841 2236 975 2268 scientia
1001 2242 1032 2269 et
1056 2240 1180 2270 matura

439 2286 678 2320 deliberatione
704 2288 834 2328 nostris,
854 2289 960 2331 deque
985 2291 1179 2332 apostolicae

438 2340 610 2383 potestatis
635 2341 860 2383 plenitudine,
894 2342 1011 2375 librum
1044 2344 1180 2386 praedi-

439 2397 535 2433 ctum,
549 2393 744 2437 ubicumque
759 2400 790 2427 et
807 2405 1010 2439 quocumque
1025 2397 1088 2429 alio
1104 2397 1180 2430 idio-

438 2451 522 2479 mate
556 2457 612 2479 seu
640 2447 752 2490 quavis
784 2448 924 2481 editione
950 2455 1004 2481 aut
1029 2450 1178 2483 versione

439 2498 610 2542 hucusque
638 2499 832 2543 impressum
848 2528 855 2541 ,
879 2507 932 2534 aut
955 2501 987 2535 in
1013 2509 1178 2546 posterum

439 2550 702 2596 imprimendum,
729 2554 849 2598 quippe
875 2565 911 2587 ex
931 2555 1021 2589 cuius
1039 2558 1178 2592 lectione

439 2611 471 2639 et
489 2617 549 2639 usu
574 2606 688 2640 fideles
713 2608 835 2641 sensim
860 2608 892 2641 in
918 2620 1046 2643 errores
1064 2611 1103 2643 ab
1122 2611 1179 2644 Ec-

439 2659 537 2692 clesia
567 2661 725 2694 catholica
761 2662 822 2695 iam
859 2662 1025 2697 damnatos
1064 2665 1175 2699 induci

1033 261 1214 286 BULLARIUM
1240 262 1395 287 ROMANUM

1232 318 1375 354 possent,
1395 323 1431 345 ac
1448 311 1580 356 insuper
1601 319 1761 357 tamquam
1780 313 1969 348 continente

1232 366 1486 408 propositiones,
1508 366 1573 399 sive
1592 367 1624 399 in
1650 367 1744 400 obvio
1766 379 1874 401 earum
1900 379 1970 401 ver-

1208 418 1343 465 ¹borum
1370 430 1477 460 sensu,
1497 420 1561 453 sire
1587 424 1708 453 attenta
1733 422 1968 455 sententiarum

444 468 591 502 notitiam
616 471 812 513 pervenerit,
834 471 864 503 in
891 472 994 504 lucem
1021 472 1186 514 prodiisse
1208 501 1209 515 ἦ

1231 474 1433 505 connexione
1452 500 1458 512 ‚
1487 474 1676 506 temerarias
1694 502 1701 515 ,
1734 476 1941 508 scanflalosas
1960 503 1967 516 ,

1230 525 1312 556 male
1339 531 1513 565 sonantes,
1540 526 1665 569 piarum
1692 527 1816 561 aurium
1843 528 1972 562 offensi-

1231 586 1294 616 ras,
1320 577 1351 609 in
1377 579 1467 620 praxi
1492 579 1713 622 perniciosas,
1740 591 1776 613 ac
1800 582 1894 614 etiam
1921 593 1971 615 er-

1230 640 1346 663 roneas
1372 633 1554 675 respective
1570 660 1577 673 ,
1610 639 1721 667 tenore
1746 635 1970 677 praesentium

1230 683 1420 716 damnamus
1454 690 1485 717 et
1520 687 1762 729 reprobamus,
1800 688 1970 732 ipsiusque

1230 737 1302 769 libri
1329 738 1594 781 impressionem,
1623 741 1896 784 descriptionem,
1923 743 1971 775 le-

1229 791 1380 829 ctionem,
1399 792 1616 826 retentionem
1645 800 1675 826 et
1701 805 1791 828 usum
1819 796 1970 828 omnibus

1230 850 1262 877 et
1286 845 1422 888 singulis
1448 847 1727 888 christifidelibus,
1747 849 1844 882 etiam
1866 849 1971 893 speci-

1229 899 1287 932 fica
1312 905 1343 932 et
1374 900 1539 934 individua
1573 902 1739 936 mentione
1776 909 1807 936 et
1840 915 1971 947 expres-

1228 954 1319 986 sione
1346 955 1473 997 dignis‚
1495 956 1554 988 sub
1580 959 1687 999 poena
1711 958 1971 991 excommunica-

1230 1006 1326 1039 tionis
1343 1018 1401 1050 per
1415 1009 1687 1042 contrafacientes
1706 1010 1777 1053 ipso
1794 1011 1876 1044 sacto
1898 1012 1969 1044 abs-

1228 1070 1289 1102 que
1315 1060 1377 1093 alia
1403 1061 1625 1096 declaratione
1643 1063 1849 1104 inem-venda,
1871 1064 1971 1097 iuter·

1229 1113 1366 1146 dicimus
1387 1121 1419 1147 et
1436 1116 1666 1158 prohibemus,
1685 1117 1831 1149 volentes
1849 1121 1880 1149 et
1897 1127 1970 1160 apo-

1228 1168 1342 1200 stolica
1367 1169 1559 1202 auctoritate
1585 1170 1776 1203 mandantes
1793 1197 1800 1211 ‚
1825 1176 1872 1211 ut,
1900 1171 1971 1214 qui-

1228 1230 1365 1264 cumque
1399 1222 1622 1265 supradictum
1656 1223 1775 1256 librum
1808 1234 1909 1267 penes
1935 1234 1969 1257 se

1229 1274 1413 1314 habuerint,
1440 1275 1542 1316 illum,
1562 1277 1669 1309 statim
1694 1283 1791 1320 atque
1816 1288 1970 1320 praesen-

1230 1332 1276 1360 tes
1294 1327 1422 1361 litterae
1445 1329 1490 1361 eis
1515 1329 1729 1370 innotuerint,
1747 1331 1893 1363 locorum
1911 1330 1968 1363 Or-

1229 1381 1364 1414 dinariis
1388 1384 1438 1416 vel
1461 1383 1646 1416 haereticae
1671 1383 1841 1427 pravitatis
1866 1383 1970 1428 inqui-

1228 1435 1381 1467 sitoribus
1407 1437 1537 1469 tradere
1559 1448 1595 1469 ae
1613 1437 1809 1480 consignare
1834 1438 1967 1471 omnino

1229 1493 1423 1522 teneantur:
1464 1490 1496 1522 in
1533 1491 1734 1524 contrarium
1771 1492 1968 1525 facientibus

1227 1552 1294 1574 non
1326 1543 1531 1576 obstantibus
1560 1544 1831 1588 quibuscumque.

1271 1596 1284 1639 ἓ
1309 1596 1340 1629 3.
1369 1596 1517 1630 Ceterum
1553 1598 1798 1642 propositiones
1823 1599 1856 1631 in
1882 1599 1966 1632 dicto
2002 1606 2162 1632 Pronosssiunvs

1993 1634 2004 1652 b
2014 1639 2067 1659 quus
2076 1633 2162 1654 ‹tarnua-

1226 1650 1308 1682 libro
1326 1656 1499 1684 contentae
1512 1678 1519 1692 ,
1541 1662 1621 1694 quas
1640 1652 1810 1695 apostolici
1833 1654 1967 1685 censura
1979 1662 2010 1680 tus
2026 1661 2064 1681 suit
2078 1660 2140 1682 tiber.

1225 1702 1357 1743 iudicii,
1385 1704 1468 1737 sicut
1492 1705 1731 1747 praemittitur,
1758 1704 1967 1748 conligendas

1226 1756 1386 1797 duximus,
1410 1768 1446 1789 ex
1465 1757 1581 1800 gallico
1606 1757 1762 1791 idiomate
1781 1758 1813 1790 in
1831 1758 1967 1791 latinum

1225 1820 1346 1850 versae,
1373 1816 1447 1843 sunt
1468 1811 1589 1844 tenoris
1615 1811 1669 1855 qui
1695 1811 1852 1855 sequitur,
1878 1812 1968 1845 vide-

1225 1863 1315 1896 licet:

1275 1928 1287 1947 α
1313 1927 1336 1950 1.
1370 1917 1469 1950 Datur
1503 1917 1677 1951 habitualis
1710 1923 1812 1952 status
1843 1919 1965 1952 amoris

1226 1970 1290 2009 Dei,
1316 1971 1371 2014 qui
1397 1975 1448 2004 est
1472 1971 1613 2004 charitas
1638 1983 1718 2015 pura
1744 1977 1776 2005 et
1805 1972 1876 2006 sine
1901 1973 1968 2007 ulla

1225 2023 1425 2058 admixtione
1441 2025 1554 2057 motivi
1573 2025 1697 2069 proprii
1716 2026 1886 2059 interesse.
1905 2025 1967 2060 Ne-

1225 2089 1287 2121 que
1314 2078 1409 2111 timor
1430 2089 1610 2122 poenarum
1636 2090 1741 2122 neque
1768 2079 1964 2114 desiderium

1224 2132 1526 2166 remunerationum
1554 2133 1678 2166 habent
1703 2134 1843 2176 amplius
1869 2134 1902 2166 in
1928 2143 1965 2166 eo

1223 2192 1364 2229 partem.
1390 2186 1459 2220 Non
1479 2192 1607 2219 amatur
1625 2187 1763 2230 amplius
1784 2187 1867 2220 Deus
1888 2197 1964 2230 pro-

1223 2245 1296 2282 pter
1320 2240 1479 2280 meritum,
1499 2251 1606 2283 neque
1630 2245 1766 2283 propter
1789 2240 1964 2284 perfectio-

1224 2303 1297 2325 nem
1314 2320 1321 2332 ,
1350 2304 1455 2336 neque
1482 2299 1617 2336 propter
1652 2293 1840 2326 felicitatem
1866 2293 1899 2326 in
1925 2303 1964 2326 eo

1223 2346 1362 2379 amando
1387 2346 1628 2379 inveniendam.

1267 2410 1300 2433 n.
1329 2400 1364 2432 ln
1390 2405 1469 2433 statu
1495 2400 1579 2433 vitae
1605 2400 1882 2444 contemplativae,
1906 2410 1965 2434 seu

1223 2453 1376 2494 unitivae‚
1394 2453 1550 2486 amittitur
1581 2464 1676 2487 omne
1701 2454 1856 2487 motivum
1883 2454 1964 2488 inte-

1222 2512 1383 2539 ressatum
1410 2507 1531 2540 timoris
1557 2512 1588 2540 et
1612 2507 1693 2550 spei.

1266 2570 1314 2593 111.
1343 2560 1375 2592 ld
1401 2560 1487 2603 quod
1523 2565 1570 2592 est
1606 2560 1779 2593 essentiale
1811 2561 1843 2594 in
1876 2562 1963 2594 dire-

1221 2612 1328 2646 ctione
1349 2613 1483 2653 animae,
1500 2617 1546 2645 est
1564 2623 1627 2646 non
1642 2613 1727 2646 aliud
1747 2614 1851 2647 facere
1868 2625 1963 2658 quam

1219 2666 1310 2710 sequi
1336 2665 1538 2710 pedetentim
1565 2667 1701 2709 gratiam
1727 2677 1798 2701 cum
1835 2666 1962 2701 infinita

1959 260 2026 294 mn.
2043 267 2071 294 c.
2095 268 2164 296 ¹699
