2254 3225
296 262 343 281 Λα.
360 256 389 281 r„
413 255 479 282 moe
524 248 590 282 414

477 2112 607 2152 serint,
640 2113 679 2146 ad
714 2115 944 2157 aequalitatem
977 2116 1008 2147 in
1039 2120 1212 2158 utramque

1067 264 1246 287 eruanimi

490 306 715 341 alternativam
740 311 807 342 toto
840 310 946 343 animo
977 316 1144 354 acceptare
1171 312 1248 344 de-'

491 359 733 402 sidet-antibus,
764 363 808 396 ita
843 364 929 406 quod
967 364 999 396 in
1024 365 1226 408 quibuslibet

491 413 628 447 comitiis
644 415 898 458 provincialibus
917 427 972 449 seu
993 417 1224 460 capitularibus
1246 437 1247 468 ξ

491 468 721 509 congressibus
752 479 826 511 pars
859 469 1014 502 Liciensis
1048 470 1169 502 habeat,
1193 469 1225 501 in

491 519 675 554 delinitorio
700 526 764 554 tres
789 522 1047 562 satisfactiones,
1072 527 1104 555 et
1128 523 1225 555 etiam

491 578 556 606 tres
581 584 657 617 pars
682 575 744 608 alia
769 575 927 615 Barensis,
955 575 1008 608 tali
1029 575 1152 615 ordine,
1179 574 1224 608 et¹
1245 588 1246 597 ¹

489 637 562 670 pars
579 627 743 669 Liciensis,
760 633 921 672 tamquam
941 629 1105 672 copiosior
1121 629 1225 661 fratri-

488 680 550 713 bus
576 686 609 713 et
633 682 854 721 conventibus,
873 683 1052 715 successive
1070 693 1128 726 per
1146 683 1224 716 duas

488 733 574 766 vices
613 734 732 767 habeat
768 735 1019 778 provincialatus
1055 736 1194 768 officium
1215 763 1222 776 ,

487 785 594 828 ipsum
631 787 755 820 habere
793 787 983 830 incipiendo
1018 799 1035 821 a
1074 790 1223 832 proximo

488 839 671 873 imminenti
708 840 861 883 capitulo,
897 852 966 873 cuni
1003 842 1246 885 adscriptione

489 892 626 925 duorum
653 893 859 925 rationalium
886 898 1011 936 patrum
1045 895 1078 927 in
1112 895 1225 927 delini-

489 946 590 985 torio,
628 946 767 989 ideoque
803 946 835 978 in
873 947 1017 989 singulos
1056 958 1223 981 novennes

487 1010 588 1033 annos
612 1010 688 1043 pars
714 1000 863 1033 Barensis
888 1001 1006 1034 habeat
1026 1003 1127 1035 semel
1151 1012 1224 1045 pro-

486 1052 624 1086 vinciale
657 1063 728 1085 cum
765 1053 891 1086 duobus
920 1053 1158 1093 definitoribus,
1194 1058 1224 1088 et

486 1105 550 1138 alio
568 1105 723 1138 sexennio
741 1106 890 1139 custodes
909 1117 981 1139 euin
998 1107 1224 1140 definitoribus
1243 1126 1247 1156 ξ

485 1158 581 1199 binis,
599 1159 631 1191 in
652 1169 850 1203 unoquoque
869 1159 1025 1193 triennio:
1042 1161 1088 1193 sic
1105 1161 1224 1193 Licien-

485 1221 536 1244 ses
562 1222 621 1255 per
645 1222 850 1255 consequens
875 1213 1017 1246 habeant
1042 1213 1168 1256 reliqua
1189 1214 1222 1248 in
1242 1190 1247 1262 ξ

485 1264 672 1297 definitorio
701 1265 815 1298 officia.
844 1265 1018 1298 Praeterea
1044 1266 1221 1316 disponere

485 1318 582 1350 etiam
599 1318 745 1350 volumus
759 1317 988 1360 guardianatus
1003 1328 1060 1361 pro
1076 1318 1220 1351 eiusdem

482 1371 668 1414 provinciae
693 1371 854 1404 communi
881 1382 959 1414 pace
986 1377 1017 1404 et
1034 1371 1104 1404 sine
1123 1371 1222 1404 otl'en-

484 1424 576 1457 sione
605 1424 747 1457 iustitiae
784 1425 1018 1463 distributivae,
1055 1424 1099 1458 ita
1135 1425 1220 1468 quod

483 1482 593 1520 patres
610 1477 768 1510 Barenses
782 1478 952 1511 duodecim
970 1479 1109 1511 habeant
1128 1489 1221 1521 guar-

483 1528 629 1569 dianias;
656 1540 696 1563 ne
725 1536 831 1563 autem
857 1541 980 1563 summa
1006 1530 1220 1574 inaequalitas

482 1582 632 1615 videatur
656 1583 688 1615 in
714 1584 929 1617 electionibus
961 1585 1142 1617 futurorum
1169 1587 1242 1618 ca-¹

480 1634 669 1678 pitulorum,
694 1637 844 1669 volumus
871 1637 952 1669 duas
978 1637 1054 1670 alias
1074 1638 1220 1679 guardia-

480 1687 550 1721 nias
575 1689 648 1722 addi
667 1690 747 1732 parti
770 1689 969 1729 Barensiuin,
986 1689 1029 1723 ita
1050 1691 1135 1733 quod
1155 1691 1218 1724 duo

480 1741 534 1774 alii
559 1741 728 1783 guardiani
746 1742 909 1785 eligantur
928 1753 944 1775 a
966 1743 1161 1775 Barensibus
1179 1743 1216 1776 ad

480 1795 628 1837 ipsorum
668 1795 938 1836 satisfactionem,
975 1796 1033 1829 sed
1073 1796 1216 1838 eligendi

479 1847 543 1880 sint
567 1847 700 1880 natione
726 1848 901 1888 Licienses,
926 1859 1027 1891 usque
1049 1849 1125 1881 dum
1143 1859 1216 1881 con-

479 1905 593 1933 ventus
617 1900 657 1932 ab
683 1901 761 1944 ipsis
788 1901 969 1944 recipiendi
991 1902 1030 1934 ad
1047 1903 1215 1944 aequalem

478 1963 650 1986 numerum
678 1954 887 1997 pervenerint
918 1960 1134 1987 conventuum
1166 1955 1216 1988 Li-

478 2006 648 2039 ciensium.
674 2007 705 2040 Si
730 2007 856 2040 veroin
878 2008 1019 2040 futurum
1038 2014 1213 2041 conventus

479 2057 637 2092 Barenses
668 2059 865 2093 Liciensium
898 2072 1071 2094 numerum
1106 2072 1215 2095 exces-

1241 1296 1244 1316 t

1242 1323 1243 1342 t

1241 1356 1244 1391 ,3

1241 1405 1244 1421 Ι

476 2170 603 2208 partem
620 2166 789 2199 reductum
807 2168 846 2199 iri
865 2178 1047 2201 censemus.
1066 2167 1212 2211 Quapro-

475 2223 551 2262 pter
573 2224 696 2262 partem
723 2219 897 2253 Barensem
924 2221 1097 2254 duodecim
1121 2232 1212 2263 guar-

477 2271 594 2305 dianiis
630 2273 811 2305 consectam
848 2274 1110 2317 praescribemus
1136 2284 1211 2317 geo-

475 2325 594 2368 grasice
610 2332 641 2359 et
656 2327 834 2360 secundum
848 2332 996 2360 naturam
1014 2338 1072 2371 per
1085 2328 1210 2361 divisio-

475 2391 561 2421 nem,
587 2382 682 2424 vulgo
705 2380 738 2412 la
763 2380 909 2414 Gracina
932 2381 967 2413 cli
985 2381 1208 2420 Castelluncla,

476 2438 508 2467 et
531 2432 729 2477 provinciam
753 2432 932 2466 Liciensem
958 2444 974 2465 a
998 2433 1209 2466 Castellaneta

462 2478 634 2521 'exclusive
655 2497 756 2529 usque
782 2486 819 2519 ad
844 2485 1047 2519 Praesitium.
1073 2486 1209 2518 Paril'or-

474 2541 586 2581 miter,
609 2545 644 2572 ut
675 2538 826 2572 radicitus
860 2539 964 2572 omnis
996 2539 1207 2571 dissensionis

475 2595 652 2628 fomentum
676 2594 808 2626 tollatur
838 2593 871 2625 iu
894 2592 1081 2636 receptione
1119 2592 1208 2624 novi—

510 2658 521 2684 1
544 2657 655 2684 Videtur
669 2654 811 2691 legendum
829 2657 858 2682 ut
876 2655 914 2689 (n.
931 2654 980 2689 ln).

1270 264 1423 288 acuamur

1270 313 1394 353 tiorum,
1421 323 1504 357 quae
1528 314 1753 348 indifferenter
1788 315 1858 348 sieri
1891 316 2001 354 debet,

1268 367 1496 409 praecipimus,
1511 371 1545 401 ut
1563 368 1601 401 de
1616 368 1756 411 receptis
1771 373 1803 401 et
1815 369 2002 412 approbatis

1267 418 1352 451 inti-a
1375 429 1548 452 numerum
1568 421 1695 453 solitum
1718 431 1734 453 a
1754 423 1843 456 sacra
1866 421 2004 464 Congre-

1245 474 1247 524 ἰ
1268 472 1396 513 gatione
1421 473 1555 505 concedi
1581 484 1640 516 pro
1659 475 1807 517 quolibet.
1826 485 1911 507 anno
1930 475 2003 507 duo-

1245 527 1247 574 ξ’
1268 525 1371 557 decim
1385 525 1526 565 iuvenes,
1542 531 1612 559 octo
1627 527 1748 566 clerici,
1763 532 1902 570 quatuor
1917 527 2001 569 laici,

1267 578 1306 610 de
1331 579 1525 612 melioribus
1550 580 1730 622 respective
1750 590 1811 623 pro
1829 585 1921 623 parte
1943 581 2002 613 Ba-

1266 632 1354 663 rensi
1378 632 1580 675 recipiantur
1604 633 1641 666 ad
1663 633 1810 665 habitum
1832 638 1863 666 et
1879 633 2004 676 profes-

1267 684 1412 726 sionem;
1440 686 1554 729 reliqui
1581 697 1658 720 vero
1682 697 1741 730 pro
1762 688 2002 730 complemento

1266 739 1394 771 numeri
1421 739 1551 782 praefixi
1578 750 1595 772 a
1626 742 1713 773 sacra
1744 739 2002 782 Congregatione

1268 803 1304 824 ex
1330 793 1393 825 alia
1418 798 1509 836 parte
1533 798 1692 836 tamquam
1714 792 1933 826 numerosiori
1950 803 2003 825 ve-

1267 845 1415 878 stiantur.
1446 846 1537 878 Unde
1571 847 1719 879 consulto
1745 846 1918 879 admodum
1951 855 2004 878 rc.¹

1267 899 1397 931 verendi
1421 904 1528 942 patres
1546 899 1787 931 conuuissarius
1807 898 1951 931 visitator
1972 903 2003 930 et

1267 950 1374 991 iudex,
1406 951 1555 984 minister
1590 951 1810 994 provincialis,
1837 956 1946 984 custos
1971 956 2003 983 et

1266 1009 1372 1046 patres
1399 1014 1514 1036 omnes
1533 1004 1730 1043 definitores,
1749 1014 1845 1047 quam
1862 1004 2002 1042 vocales,

1266 1057 1304 1090 ad
1330 1057 1430 1100 pedes
1455 1057 1706 1090 eminentissimi
1739 1057 1933 1100 protectoris
1969 1061 2001 1089 et

1265 1111 1433 1144 reverendi
1467 1111 1568 1154 patris
1595 1111 1808 1143 commissarii
1840 1110 2002 1153 generalis

1265 1165 1474 1198 subiicientes
1498 1164 1639 1196 unanimi
1662 1174 1833 1203 consensu,
1851 1174 1914 1206 quo
1935 1174 2002 1196 rna-

1264 1218 1323 1251 iori
1349 1218 1454 1252 favore
1480 1217 1723 1261 deprecantium
1750 1222 1822 1249 vota
1846 1217 2000 1260 prosequi

1265 1273 1517 1315 dignentur,pro
1535 1271 1668 1304 maioris
1685 1271 1811 1304 roboris
1826 1270 1999 1309 validitate,

1263 1326 1349 1368 apud
1374 1335 1496 1358 sacram
1528 1324 1820 1366 Congregationem
1853 1324 2001 1356 cardina-

1263 1377 1341 1410 lium
1367 1378 1498 1410 decreto
1523 1376 1701 1419 obsignari.
1722 1376 1759 1408 Et
1781 1387 1864 1419 quae
1882 1376 1915 1408 in
1936 1376 1999 1408 hoc

1263 1430 1395 1463 decreto
1419 1429 1684 1474 praescribuntur
1716 1429 1755 1461 ab
1780 1428 1933 1462 omnibus
1967 1429 1997 1460 in

1264 1483 1404 1515 futurum
1441 1483 1637 1515 adamussim
1672 1483 1901 1520 observentur,
1938 1482 1996 1513 sub

1261 1538 1367 1579 poena
1405 1536 1563 1568 nullitatis
1599 1535 1807 1575 electionum,
1845 1545 1927 1578 quae
1964 1535 1995 1566 in

1261 1589 1462 1622 contrarium
1481 1588 1558 1620 oriri
1576 1587 1714 1631 possint.
1737 1587 1848 1619 Datum
1866 1586 1994 1619 Tarenti

1260 1642 1293 1673 in
1329 1642 1402 1674 loeo
1446 1640 1549 1673 nostri
1594 1639 1775 1672 discretorii
1816 1644 1995 1672 conventus

1259 1695 1291 1727 S.
1319 1694 1449 1727 Antonii
1475 1699 1622 1737 tempore
1645 1693 1849 1726 comitiorum
1865 1692 1996 1736 provin-

1260 1748 1398 1787 cialium,
1425 1747 1475 1781 dic
1501 1757 1532 1780 vt
1558 1746 1670 1790 aprilis
1695 1755 1801 1780 itincre
1827 1760 1859 1778 υ.

1297 1823 1356 1861 Ego
1379 1823 1413 1852 sr.
1436 1822 1560 1852 Thomas
1576 1831 1589 1851 a
1609 1822 1714 1851 Matera
1730 1821 1820 1851 lector
1834 1821 1994 1860 theologiae

1258 1872 1425 1911 provinciae
1446 1871 1580 1901 Barensis
1598 1871 1747 1909 acceptavi
1769 1874 1801 1900 ut
1822 1880 1921 1910 supra.

1296 1920 1355 1958 Ego
1377 1921 1412 1950 sr.
1438 1920 1610 1949 Franciscus
1632 1928 1648 1949 a
1670 1919 1759 1949 Yeliis
1780 1919 1872 1949 lector
1893 1928 1992 1949 sacrae

1258 1969 1419 2007 theologiae
1441 1968 1608 2007 provinciae
1630 1968 1758 1998 Liceusis
1783 1968 1932 2008 acceptavi
1961 1973 1992 1998 ut

1256 2026 1355 2057 supra.

1295 2066 1353 2104 Ego
1375 2065 1410 2095 fr.
1434 2065 1602 2095 Theodorus
1614 2074 1628 2094 a
1644 2065 1768 2095 'I'aiento
1783 2064 1876 2094 lector
1889 2073 1989 2094 sacrae

1255 2115 1417 2153 theologiae
1440 2114 1605 2154 provinciae
1634 2114 1681 2143 Lic
1696 2113 1773 2143 ensis
1794 2113 1941 2152 acceptavi
1958 2117 1987 2143 ut

1254 2172 1354 2202 supra.

1292 2212 1350 2249 Ego
1373 2212 1407 2241 sr.
1431 2211 1612 2242 Cherubinus
1628 2220 1643 2240 a
1660 2211 1759 2240 Nerito
1776 2210 1868 2240 lector
1889 2219 1987 2240 sacrae

1252 2260 1415 2298 theologiae
1437 2260 1604 2300 provinciae
1622 2259 1763 2289 Liciensis
1792 2259 1940 2298 acceptavi
1956 2263 1986 2288 ut

1252 2319 1350 2349 supra.

1291 2359 1349 2396 Ego
1372 2358 1407 2387 fr.
1430 2357 1610 2396 Seraphinus
1632 2366 1647 2386 a
1669 2357 1745 2387 Turo
1767 2356 1916 2394 theologus
1937 2365 1986 2394 ge-

1251 2405 1361 2434 neralis
1389 2404 1566 2442 guardianus
1593 2407 1622 2433 et
1649 2403 1755 2432 vocalis
1782 2403 1930 2442 acceptavi
1952 2406 1985 2431 ut

1251 2463 1351 2492 supra,
1369 2453 1536 2492 provinciae
1558 2452 1705 2481 Barensis.

1289 2502 1347 2540 Ego
1359 2503 1393 2532 t'r.
1408 2501 1579 2531 Franciscus
1591 2500 1678 2530 Maria
1696 2499 1858 2530 Valenzano
1874 2500 1984 2530 theolo-

1249 2561 1302 2589 gus
1314 2551 1490 2589 guardianus
1507 2556 1533 2580 ct
1550 2550 1656 2579 vocalis
1670 2549 1817 2589 acceptavi
1833 2554 1865 2580 ut
1880 2559 1980 2589 supra.

1289 2600 1347 2637 Ego
1369 2599 1405 2629 fr.
1429 2599 1601 2629 Franciscus
1624 2608 1637 2627 a
1661 2598 1786 2628 Gravina
1816 2598 1982 2637 provinciae

1249 2648 1384 2678 Berensis
1406 2647 1512 2678 vocalis
1535 2647 1682 2686 acceptavi
1704 2651 1734 2677 ut
1756 2655 1853 2686 supra.

2012 269 2059 294 An.
2076 269 2104 294 C.
2124 270 2196 297 1e92
