2254 3225
277 2463 297 2481 Γι
308 2463 338 2481 1.·«4
363 2465 419 2482 tiniu-

236 2492 375 2515 ς.1,,,·11111·ιιιιι.

417 282 503 314 tione
540 281 733 325 apostolica,
769 281 818 314 vel
854 281 966 324 quavis
1002 280 1154 313 firmitate

415 335 477 367 alia
500 334 678 375 roboratis,
703 334 829 367 statutis
856 339 887 367 et
910 333 1155 367 consuetudini-

414 389 483 428 bus,
511 389 606 421 etiam
628 388 952 428 immemorabilihus,
974 386 1153 431 privilegiis

417 452 558 485 quoque,
576 441 712 474 indultis
738 446 769 473 et
793 441 911 473 litteris
936 439 1150 483 apostolicis,

416 495 540 528 eisdem
557 494 714 533 ecclesiis,
728 493 922 536 illarumque
937 492 1152 536 praesulibus,

416 548 573 592 capituliS,
599 547 760 592 personis,
793 547 904 580 aliisve
940 545 1151 589 quibuslibet,

416 601 514 635 etiam
538 600 671 644 speciali
698 601 772 632 nota
789 599 895 642 dignis
921 604 951 632 et
979 598 1017 631 de
1043 608 1154 630 neces-

416 655 508 687 sitate
526 654 607 686 iuris
634 653 685 686 vel
714 652 787 685 sacti
813 651 944 685 omnino
971 651 1154 694 exprimen-

418 707 477 747 dis,
504 706 562 739 sub
588 705 847 749 quibuscumque
872 705 1043 737 verborum
1064 708 1155 736 teno-

417 761 507 793 ribus
527 764 558 792 et
583 758 705 798 formis,
725 763 755 791 et
776 769 848 791 cum
868 757 1033 802 quibusvis
1058 757 1152 790 etiam

418 813 699 856 derogatoriarum
739 811 971 854 derogatoriis,
1015 809 1152 852 aliisque

419 866 666 904 efficacioribus,
704 863 934 897 efficacissimis
956 869 988 896 et
1016 862 1153 895 insolitis

418 919 579 958 clausulis,
605 918 873 961 irritantibusque
899 922 930 950 et
954 916 1023 950 aliis
1047 916 1154 948 decre-

420 973 479 1012 tis,
507 972 601 1005 etiam
626 976 734 1011 motu,
761 970 895 1003 scientia
927 974 958 1003 et
983 969 1152 1012 potestatis

418 1024 623 1069 plenitudine
647 1023 788 1067 paribus,
814 1023 908 1055 etiam
930 1021 1155 1055 consistoriali-

420 1083 488 1118 ter,
525 1087 578 1109 seu
616 1077 654 1109 ad
690 1086 911 1119 quascumque
941 1084 1153 1118 personarum

420 1131 516 1164 etiam
533 1130 623 1172 regia
653 1135 707 1162 aut
731 1128 1007 1172 archiepiscopali
1034 1132 1065 1160 et
1088 1127 1155 1170 pri-

417 1183 538 1216 matiali
565 1182 665 1216 aliave
691 1181 836 1225 qualibet
861 1180 1080 1213 ecclesiastica
1106 1180 1155 1212 vel

418 1236 581 1269 mundana
609 1235 764 1277 dignitate
791 1238 823 1266 ct
846 1238 1006 1277 potestate
1031 1232 1157 1275 fulgen-

420 1290 499 1321 tium
524 1288 718 1327 instantiam,
744 1292 798 1319 aut
823 1296 934 1319 earum
960 1286 1158 1328 contempla-

420 1342 518 1381 tione,
537 1352 595 1374 seu
613 1341 691 1374 alias
710 1339 967 1383 quomodolibet,
988 1339 1020 1371 in
1038 1349 1157 1382 genere

420 1396 468 1428 vel
494 1395 527 1427 in
553 1394 675 1437 specie,
697 1394 728 1425 111
751 1393 947 1425 contrarium
962 1392 1159 1436 praemisso-

421 1458 492 1480 rum
519 1447 695 1485 concessis,
730 1456 765 1477 ac
789 1445 912 1489 pluries
945 1451 977 1478 et
1011 1445 1156 1488 quantis-

422 1510 560 1543 cumque
584 1499 708 1531 vicibus
734 1498 941 1539 confirmatis,
972 1497 1159 1542 approbatis

422 1559 454 1587 et
471 1553 643 1594 innovatis;
664 1552 781 1596 quibus
803 1552 952 1585 omnibus
969 1557 999 1584 et
1015 1551 1158 1594 singulis,

422 1606 546 1640 etiamsi
579 1617 638 1650 pro
663 1605 794 1639 illorum
825 1604 998 1638 sufficienti
1024 1605 1160 1647 deroga-

423 1660 512 1693 tione
533 1660 572 1692 de
598 1659 663 1692 illis
692 1668 869 1702 eorumque
894 1658 967 1691 totis
993 1658 1159 1690 tenoribus

422 1713 585 1757 specialis,
612 1711 771 1755 specifica,
797 1722 956 1755 expressa,
983 1711 1159 1751 individua,

423 1776 459 1799 ac
477 1766 515 1799 de
544 1766 642 1798 verbo
666 1765 705 1797 ad
729 1765 874 1804 verbum,
892 1774 955 1796 non
974 1774 1078 1796 autem
1103 1774 1161 1806 per

423 1819 584 1851 clausulas
609 1817 777 1860 generales
809 1817 896 1849 idem
935 1816 1159 1859 importantes,

423 1872 545 1904 mentio
572 1881 627 1904 seu
667 1870 796 1914 quaevis
820 1870 880 1903 alia
905 1869 1069 1913 expressio
1106 1870 1161 1902 lia-

422 1924 530 1957 benda
554 1929 609 1956 aut
630 1923 738 1967 aliqua
751 1923 813 1956 alia
827 1923 981 1966 exquisita
1004 1923 1105 1955 forma
1123 1923 1160 1955 ad

423 1977 487 2010 1106
509 1976 663 2010 servanda
688 1976 785 2016 foret,
810 1980 939 2008 tenores
975 1974 1160 2008 huiusmodi

424 2030 651 2074 praesentibus
686 2039 745 2073 pro
774 2029 871 2072 plene
900 2034 931 2061 et
962 2027 1163 2061 sufficienter

426 2083 588 2127 expressis
602 2093 637 2115 ac
653 2082 691 2115 de
711 2083 808 2114 verbo
824 2082 863 2114 ad
881 2081 1014 2114 verbum
1033 2081 1162 2114 insertis

425 2136 598 2176 habentes,
625 2135 689 2168 illis
714 2135 791 2167 alias
818 2135 850 2167 in
875 2145 932 2167 suo
953 2134 1073 2167 robore
1091 2145 1162 2177 per-

426 2188 604 2228 mansuris,
639 2188 678 2221 ad
707 2187 962 2231 praemissorum
995 2186 1162 2226 effectum,

428 2242 488 2274 hac
512 2241 579 2274 vice
606 2241 806 2280 dumtaxtat,
833 2239 1020 2283 specialiter
1049 2245 1081 2272 et
1111 2250 1164 2272 ex-

426 2304 539 2338 presse
565 2294 757 2335 derogamus
773 2319 780 2333 ,
813 2299 844 2326 et
881 2293 1068 2335 derogatum
1094 2303 1163 2325 esse

426 2349 595 2388 volumus,
622 2346 805 2389 ceterisque
836 2346 1004 2379 contrariis
1035 2346 1165 2389 quibus-

430 2411 578 2444 cumque.

473 2455 488 2497 ἓ
520 2453 551 2486 5.
585 2453 737 2486 Volumus
768 2457 874 2485 autem
909 2457 945 2484 ut
978 2451 1162 2484 earumdem

428 2506 650 2551 praesentium
674 2505 857 2538 litterarum
875 2504 1093 2546 transumptis,
1108 2514 1162 2536 seu

226 234 261 259 An
295 233 323 260 C.
348 233 413 259 tnnc
459 225 520 256 7¹³3
994 233 1167 256 nt'ii.¹‚mt'·=t
1196 233 1347 255 mummi
1930 229 1964 253 An
1997 229 2015 250 Γ.
2049 228 2115 252 ιε’-ενι

1197 291 1353 324 personae
1378 280 1410 312 in
1437 279 1650 312 ecclesiastiia
1675 278 1828 321 dignitate
1854 287 1931 309 con-

1198 334 1327 366 stitutae
1358 332 1514 373 munitis,
1541 332 1652 365 eadem
1682 341 1815 374 prorsus
1850 330 1929 362 tides

1198 392 1259 419 tam
1279 387 1311 419 in
1336 385 1458 420 iudicio
1484 396 1579 429 quam
1605 389 1694 417 extra
1712 384 1789 417 illud
1810 382 1930 426 ubique

1197 440 1339 472 loorum
1366 439 1541 478 habeatur,
1567 447 1648 481 quae
1679 437 1857 470 haberetur
1884 436 1931 479 ip-

1198 491 1240 523 sis
1266 491 1493 534 praesentibus
1519 490 1544 523 si
1577 490 1659 523 soret
1691 489 1856 523 exhibitae
1879 488 1930 522 vel

1197 549 1358 577 ostensae.

1240 597 1353 629 Datum
1380 596 1512 637 Romae,
1540 595 1628 639 apud
1652 595 1684 628 S.
1710 595 1839 628 Mariam
1870 594 1932 627 Ma-

1198 649 1315 691 iorem,
1342 649 1401 682 sub
1438 650 1559 682 annulo
1594 647 1784 689 Piscatoris,
1811 647 1862 680 die
1893 657 1932 681 xv

1197 702 1337 735 octobris
1354 711 1501 742 MDCXCVI,
1528 700 1734 745 pontificatus
1751 699 1853 734 nostri
1876 710 1933 733 an-

1198 767 1238 789 no
1264 766 1307 789 vi.

1234 818 1288 844 Dat.
1312 817 1352 844 die
1373 819 1401 845 15
1422 816 1542 845 octobris
1564 815 1641 851 1696,
1662 814 1757 852 pontif.
1778 822 1848 842 anno
1867 820 1902 841 vt.

1486 958 1645 992 CXXXIX.

1197 1040 1404 1082 Praecipitat·
1440 1038 1680 1082 archiepiscopo
1712 1036 1872 1071 Gosmensz·
1907 1041 1935 1070 et

1240 1092 1395 1135 episcopis
1423 1091 1657 1124 Machaonemi
1686 1093 1714 1123 et
1737 1089 1934 1129 Malacensi,

1242 1149 1276 1177 ¹ut
1300 1144 1483 1177 executioni
1501 1143 1655 1176 mcmdent
1675 1142 1937 1176 constitutionem

1245 1197 1412 1230 Clementis
1438 1196 1467 1230 X
1493 1196 1579 1229 circa
1603 1195 1863 1228 iurisdictionem
1892 1195 1938 1227 ri-

1244 1251 1409 1282 carsornm
1433 1248 1684 1292 apostolicorum
1713 1248 1749 1280 in
1775 1246 1934 1281 Oriente¹.

1373 1329 1572 1357 Innocentius
1593 1329 1672 1362 Papa
1690 1328 1757 1361 xn,

1341 1376 1376 1401 ad
1396 1375 1532 1401 futuram
1551 1374 1599 1401 rei
1620 1373 1802 1401 memoriam.

1245 1447 1259 1490 g
1278 1447 1307 1479 1.
1328 1445 1418 1486 Cum,
1433 1445 1515 1478 sicut
1527 1445 1565 1478 ad
1580 1444 1683 1479 nostri
1696 1444 1845 1488 pervenit
1859 1454 1936 1487 apo-
1946 1451 2131 1499 defflpiffffiffltffi

1202 1499 1335 1531 stolatus
1361 1498 1505 1530 auditum
1531 1497 1622 1540 (licet
1654 1496 1758 1530 felicis
1785 1497 1936 1529 recorda-
1947 1506 2015 1525 menos
2039 1506 2131 1525 mm„

1946 1532 2026 1552 habere
2046 1531 2130 1552 iuris-tir

1203 1551 1299 1584 tionis
1337 1550 1485 1583 Clemens
1523 1549 1608 1593 Papa
1638 1549 1664 1582 X
1698 1549 2130 1592 praedecessorcuonommans

1947 1584 2063 1610 provinciis
2075 1599 2079 1607 ,
2111 1585 2132 1603 et

1203 1609 1313 1636 noster
1337 1613 1395 1646 per
1419 1602 1575 1646 quasdam
1600 1612 1672 1634 suas
1697 1602 1729 1634 in
1756 1601 1851 1634 simili
1873 1601 2122 1640 sor-‘contradicturus

1203 1657 1252 1689 ma
1277 1655 1386 1688 Brevis
1412 1655 1548 1695 litteras,
1575 1664 1711 1697 quarum
1736 1653 1861 1686 initium
1888 1638 2131 1689 estiiff'tiiisss‘sew'ms

1205 1709 1411 1743 Christianae
1436 1707 1614 1750 relicinus&
1639 1705 1878 1749 catholicaeque
1901 1706 1939 1748 fi-

1203 1761 1254 1793 dei
1286 1759 1536 1804 propassatz‘om's
1572 1769 1669 1802 opus,
1697 1763 1753 1791 etc.
1773 1786 1780 1799 ‚
1819 1758 1870 1792 die
1895 1768 1938 1792 vu

1205 1814 1282 1846 iunii
1309 1823 1481 1853 iinccxxlv,
1507 1812 1545 1845 de
1571 1811 1774 1856 particularis
1799 1811 1939 1855 Congre-

1204 1866 1340 1909 gationis
1367 1870 1441 1898 tunc
1462 1865 1670 1898 existentium
1694 1865 1725 1898 S.
1753 1865 1789 1897 R.
1813 1865 1845 1898 E.
1870 1874 1940 1897 car-

1205 1919 1359 1953 dinalium
1402 1918 1540 1962 negotiis
1576 1918 1809 1961 Propagandae
1847 1917 1938 1950 Fidei

1204 1972 1465 2016 praepositorum
1491 1981 1587 2014 super
1603 1971 1701 2004 rebus
1718 1970 1866 2004 Sinarum
1885 1971 1940 2004 de-

1204 2031 1332 2069 putatae
1368 2025 1505 2058 consilio
1539 2029 1723 2065 emanatas,
1748 2024 1939 2058 auctoritate

1205 2078 1379 2122 apostolica
1403 2077 1621 2117 declaraverit,
1641 2076 1812 2120 episcopos
1837 2076 1941 2110 India-

1206 2142 1285 2171 rum,
1311 2131 1512 2173 aliarumque
1537 2129 1676 2173 partium
1700 2128 1853 2169 Orientis,
1885 2140 1940 2162 eo-

1205 2195 1341 2227 rumque
1358 2183 1524 2216 ministros
1543 2187 1573 2215 et
1587 2181 1755 2221 officiales,
1766 2191 1832 2214 non
1842 2191 1938 2224 posse

1205 2249 1266 2271 nce
1291 2237 1412 2270 debere
1437 2245 1589 2269 exercere
1627 2239 1717 2267 actus
1742 2233 1941 2267 iurisdictio-

1205 2291 1293 2324 nales
1319 2299 1417 2332 super
1440 2288 1575 2321 vicarios
1601 2286 1797 2330 apostolicos
1822 2286 1862 2320 ad
1891 2297 1941 2320 re-

1206 2354 1267 2386 gna
1305 2353 1361 2376 seu
1386 2340 1569 2386 provincias
1594 2339 1732 2373 Orientis
1767 2349 1828 2382 pro
1863 2339 1940 2372 reli-

1207 2396 1310 2440 gionis
1335 2400 1368 2428 et
1391 2394 1464 2428 fidei
1489 2393 1673 2426 huiusmodi
1705 2392 1938 2436 propagatione

1241 2486 1252 2512 1
1275 2483 1394 2511 Laudata
1413 2481 1567 2509 constitutio
1588 2481 1631 2508 ed.
1652 2480 1703 2508 fuit
1722 2487 1867 2516 Μυεικκιν,
1895 2482 1939 2508 die

1206 2530 1219 2556 '1
1241 2529 1318 2556 iunii.
1339 2528 1377 2555 De
1395 2526 1585 2554 iurisdictione
1611 2525 1774 2553 vicariorum
1800 2526 1828 2552 in
1854 2534 1939 2561 regno

430 2559 595 2603 exemplis»
622 2559 717 2592 etiam
742 2558 919 2601 impressis,
945 2568 1040 2589 manu
1064 2557 1164 2590 alicu·
1206 2573 1332 2600 Sinarum
1353 2571 1412 2599 vide
1432 2574 1520 2598 const.
1539 2569 1767 2606 praecedentem
1789 2574 1815 2597 et
1838 2570 1871 2597 de
1895 2570 1940 2597 illa

431 2614 480 2647 ius
505 2613 623 2647 notarii
645 2611 765 2657 publici
782 2611 984 2655 subscriptis,
1006 2615 1037 2643 et
1055 2611 1163 2654 sigillo
1205 2618 1368 2645 vicariorum
1387 2616 1414 2643 in
1434 2623 1518 2651 regno
1537 2614 1654 2642 Tunkini
1672 2614 1732 2641 vide
1751 2619 1920 2651 sequentem.
