2227 3225
109 231 157 257 Au.
174 229 201 256 C.
228 230 287 256 lm!

878 227 1084 249 lxxii-:tCNTtt's

303 278 431 321 quisitis
457 286 589 309 examen
617 285 680 307 uon
705 275 824 313 fecerit,
842 275 890 307 vel
909 274 1038 316 aliquod

304 332 335 363 in
361 341 398 363 eo
424 330 627 372 negligenter
651 333 702 360 aut
724 327 881 360 malitiose
902 332 1041 370 praeter-

302 382 435 420 miserit,
454 383 518 414 sive
539 387 652 414 contra
676 381 731 413 illa
755 380 931 424 quidquam
948 389 1041 422 prae-

303 437 387 469 latus
425 435 542 478 aliquis
576 433 801 473 attentaverit,
834 442 1039 476 quocumque

303 493 448 532 tempore
474 488 505 520 id
526 487 720 526 innotuerit,
741 487 814 519 illos
840 496 916 519 voce
937 485 1040 517 activa

303 548 335 574 et
358 541 491 584 passiva,
518 540 734 583 omnibusque
752 538 875 579 officiis,
902 538 1041 581 diguita-

305 594 390 627 tibus
416 599 447 627 et
472 593 653 627 honoribus
671 598 831 635 perpetuo
848 591 990 635 privatos
1009 597 1041 624 et

303 648 343 680 ad
370 647 450 680 haec
476 646 690 690 imposterum
714 644 878 678 inhabiles
897 645 1038 678 declara-

303 710 386 732 mus.

346 763 425 786 xvn.
447 752 618 795 Comperto
636 751 733 794 igitur
749 752 932 794 pulsantem
951 750 1039 783 nullo

304 805 344 839 de
368 805 521 848 praefatis
546 803 785 846 impedimentis
802 804 850 836 vel
868 803 938 835 aliis
964 803 1041 835 huc-

302 869 404 902 usque
430 857 616 901 praemissis
641 857 786 900 ineptum
812 866 882 889 esse
920 856 960 889 ad
988 856 1041 888 ha-

303 911 417 952 bitum,
431 910 649 954 praecipimus
671 909 934 949 commendatori,
952 915 993 948 ut,
1013 909 1038 941 si

304 964 359 998 ille
384 965 509 997 futurus
528 963 567 996 sit
587 962 695 1003 laicus,
714 968 855 1005 nequeat
870 963 974 1005 ipsum
995 962 1041 994 in-

304 1017 435 1057 ducere,
462 1016 522 1049 nisi
548 1015 676 1059 praevia
701 1015 831 1048 licentia
857 1015 888 1047 in
913 1014 1040 1057 seriptis

305 1069 450 1112 magistri
476 1070 524 1102 vel
549 1068 767 1112 provincialis,
781 1069 838 1101 sub
855 1070 959 1112 poena
976 1068 1040 1111 pri-

304 1122 439 1155 vationis
455 1122 571 1161 oflicii·,
591 1122 615 1154 si
635 1132 711 1154 vero
728 1121 875 1161 clericus,
893 1128 1041 1155 servetur

304 1176 507 1208 consuetudo
524 1175 775 1218 provinciarum,
790 1175 919 1217 quando
933 1180 1039 1207 autem

304 1228 456 1271 magister
480 1235 532 1261 aut
563 1228 770 1271 provincialis
803 1238 863 1270 per
891 1238 925 1260 se
952 1228 1040 1271 Ipsos

304 1281 447 1325 aliquem
478 1281 518 1313 ad
549 1281 704 1313 Ordinem
729 1280 898 1313 admittere
938 1286 968 1313 et
993 1281 1041 1313 in-

305 1334 402 1366 duere
428 1332 665 1371 constituerint,
690 1343 857 1375 nunquam
883 1333 912 1365 id
932 1343 990 1376 per
1007 1343 1039 1366 se

303 1386 391 1419 solos
416 1385 563 1418 absolute
589 1384 716 1424 faciant,
742 1384 800 1416 nisi
819 1385 858 1417 de
879 1396 1039 1418 consensu

305 1445 335 1472 et
347 1438 507 1481 suffragiis
524 1438 667 1470 eiusdem
682 1444 869 1477 conventus,
884 1439 937 1471 ubi
953 1449 1041 1482 prae-

306 1492 424 1525 dictum
449 1492 630 1535 pulsantem
656 1491 856 1524 induendum
880 1502 952 1525 esse
977 1492 1040 1526 de-

304 1544 476 1578 creverint.

346 1606 424 1630 xvui
447 1596 509 1629 Sed
523 1601 557 1628 ut
571 1596 601 1628 in
617 1606 650 1628 re
671 1596 748 1628 tanti
763 1597 915 1629 momenti
935 1597 1038 1630 omnis

303 1649 501 1683 adhibeatur
524 1648 695 1692 aequitatis
720 1649 887 1689 industria,
917 1651 1040 1693 praeci-

304 1702 410 1746 pimus
424 1701 585 1735 universis
599 1702 761 1744 praelatis,
777 1702 836 1734 sub
853 1704 958 1745 poena
971 1714 1039 1736 sus-

304 1755 472 1798 pensionis
497 1755 536 1787 ab
571 1754 677 1786 officio
704 1765 764 1797 per
796 1765 850 1787 sex
883 1766 1012 1789 menses
1030 1784 1037 1797 ,

305 1812 339 1839 ut
362 1807 524 1840 neminem
549 1816 733 1850 proponere
758 1807 882 1849 possint
903 1818 1039 1840 conven-

305 1859 362 1900 tui,
380 1860 435 1904 qui
459 1869 519 1903 per
542 1858 690 1901 suffragia
715 1859 903 1892 admittatur
927 1861 965 1893 ad
984 1862 1040 1894 ha-

304 1913 417 1953 bitum,
436 1913 496 1946 nisi
522 1912 626 1955 pridie
651 1912 827 1955 capitulum
853 1913 1039 1956 singulatim

304 1966 429 1999 moneri
461 1971 492 1999 et
519 1965 612 1997 citari
641 1964 755 1998 feeerit
787 1975 899 1998 omnes
924 1967 1039 1999 fratres

304 2019 463 2053 habentes
488 2019 528 2051 ad
560 2018 621 2051 lioc
653 2017 851 2061 suffragium.
886 2018 1038 2062 Sequenti

303 2082 379 2105 vero
415 2071 468 2105 die
505 2081 561 2104 eos
597 2070 820 2114 capitulariter
855 2081 1040 2114 congrega-

303 2126 385 2158 bunt
418 2134 498 2158 sono
531 2123 667 2167 cymbali
707 2124 929 2157 conventualis
964 2130 1040 2167 post

303 2188 480 2221 vesperas,
511 2182 565 2209 aut
599 2177 795 2217 matutinas,
825 2178 873 2210 ret
909 2178 1038 2221 quando

306 2231 419 2264 fratres
444 2230 556 2263 adesse
581 2229 669 2262 domi
697 2230 887 2273 frequenter
910 2240 1040 2263 consue-

304 2283 420 2322 verint,
440 2287 472 2315 et
491 2292 555 2315 non
574 2281 681 2321 aliter;
701 2292 736 2314 ex
765 2282 880 2325 quibus
902 2283 980 2315 duas
1000 2284 1037 2316 ad
1058 2300 1060 2306 ι

304 2336 409 2369 minus
434 2335 545 2368 tertias
575 2340 682 2378 partes
714 2335 903 2368 habentium
929 2335 1040 2369 suffra—

305 2388 394 2431 gium*
416 2388 536 2430 debere
561 2387 703 2430 capitulo
728 2388 897 2428 interesse,
925 2388 1040 2422 firmis-

305 2441 385 2474 sime
410 2441 645 2474 eonstituimus.
674 2441 705 2474 Si
734 2447 841 2474 autem
875 2442 1038 2485 praelatus

306 2493 428 2537 aliquid
452 2504 544 2526 secus
570 2493 691 2532 feeerit,
716 2495 868 2537 puniatur
893 2495 929 2527 ad
957 2495 1040 2527 arbi-

307 2546 402 2578 trium
421 2546 627 2589 provincialis
645 2552 697 2578 aut
710 2547 873 2589 generalis
892 2547 1036 2590 capituli.

306 2598 392 2632 Tunc
411 2604 525 2638 autem,
547 2599 572 2631 si
590 2599 693 2631 maior
707 2599 948 2642 suffragantium
967 2611 1040 2643 pars

412 2660 491 2688 Bull.
514 2660 596 2687 Rom.
617 2676 649 2680 —
675 2661 731 2688 Vol.
755 2662 813 2688 AX.

957 2662 990 2688 30>

1112 226 1152 248 λιι
1180 226 1224 248 rr.
1719 217 1774 248 ²28!

1058 276 1061 325 l
1082 274 1119 305 de
1146 273 1344 305 admissione
1371 274 1583 313 consenserit,
1603 275 1743 307 mauebit
1764 285 1816 316 po-

1080 327 1201 359 stulans
1227 327 1266 359 ad
1289 326 1436 359 habitum
1463 327 1676 369 approbatus3
1695 328 1742 359 sin
1765 338 1818 359 au-

1081 385 1155 419 tem,
1170 379 1302 411 omnino
1322 379 1480 422 repulsus,
1495 385 1525 411 et
1539 380 1722 412 nullatenus
1744 390 1818 411 con-

1082 432 1189 465 ventui
1215 433 1354 475 amplius
1379 438 1587 475 proponatur.

1124 495 1186 518 mx.
1206 485 1363 523 Quocirca
1380 486 1584 518 declaramus
1602 495 1714 518 omnes
1732 495 1820 527 pres-

1082 539 1211 581 byteros
1236 543 1267 571 et
1293 539 1429 572 clericos
1465 539 1567 571 nostri
1600 538 1730 571 Ordinis
1755 539 1817 571 iam

1081 592 1180 624 sacris
1193 592 1335 625 initiatos
1350 592 1535 635 suffragium
1551 593 1673 625 habere
1688 593 1719 624 in
1732 603 1820 634 prae‘

1083 644 1152 677 fatis
1187 645 1336 688 capitulis
1370 645 1566 688 receptionis
1600 645 1638 677 ad
1673 646 1818 678 habitum

1082 704 1112 730 et
1138 699 1376 741 professionem
1403 699 1627 732 emittendam.

1124 761 1174 784 xx.
1202 751 1347 784 Tertiarii
1375 751 1514 793 denique
1534 751 1702 793 utriusque
1722 761 1817 783 sexus

1083 814 1147 836 non
1172 804 1381 836 admittantur
1405 804 1443 836 ad
1465 803 1627 842 Ordinem,
1646 814 1751 846 neque
1772 804 1819 836 in-

1082 857 1220 889 duantur
1236 857 1358 896 habitu,
1381 857 1442 889 nisi
1460 857 1498 889 de
1517 859 1666 899 expressa
1684 857 1716 888 iu
1741 856 1820 889 scri-

1081 909 1144 952 ptis
1176 909 1305 942 licentia
1337 909 1545 952 provincialis
1572 914 1626 941 aut
1651 909 1818 951 magistri,

1082 969 1113 995 et
1136 963 1266 1005 praevia
1294 962 1520 995 informatione
1554 962 1592 995 de
1618 962 1763 994 moribus
1789 967 1821 994 ct

1083 1016 1153 1055 vita,
1181 1016 1261 1048 faeta
1282 1019 1312 1049 et
1331 1016 1510 1059 approbata
1535 1026 1552 1048 a
1575 1016 1720 1059 praefato
1735 1015 1821 1048 Ordi-

1082 1069 1171 1102 nario
1190 1075 1221 1101 et
1237 1070 1285 1101 sui
1307 1075 1483 1102 conventus
1510 1069 1664 1112 capitulo.

1125 1133 1146 1155 1.
1171 1122 1247 1154 Cum
1265 1122 1442 1155 informans
1462 1122 1546 1154 iuxta
1564 1122 1730 1165 praedicta
1749 1132 1820 1164 pro-

1082 1176 1216 1207 cesserit
1229 1175 1267 1207 ad
1278 1175 1570 1217 interrogationem
1586 1175 1724 1213 testium,
1736 1175 1818 1208 istos
1831 1180 1838 1221 ξ

1082 1228 1179 1260 debet
1204 1228 1325 1269 eligere
1351 1228 1390 1260 de
1415 1227 1656 1270 antiquioribus
1683 1227 1796 1271 populi
1830 1221 1833 1223 ’

1082 1281 1165 1313 unde
1190 1280 1327 1313 novitius
1359 1282 1408 1314 vel
1436 1280 1663 1323 suscipiendus
1695 1281 1734 1314 ad
1765 1281 1820 1314 ha-

1082 1333 1182 1365 bitum
1208 1338 1313 1365 ortum
1338 1333 1475 1371 duxerit,
1501 1333 1539 1365 ab
1565 1332 1709 1376 ipsisque
1734 1333 1820 1365 iura-

1082 1391 1226 1418 mentum
1251 1385 1391 1427 exigere,
1416 1385 1502 1428 quod
1529 1384 1561 1417 in
1585 1386 1754 1424 omnibus,
1780 1386 1819 1418 de

1082 1439 1198 1482 quibus
1227 1438 1344 1471 fuerint
1370 1438 1584 1480 interrogati,
1617 1438 1687 1470 sine
1712 1438 1821 1481 aliqua

1081 1491 1302 1534 subreptione,
1319 1491 1522 1533 obreptione,
1541 1492 1590 1524 vel
1609 1490 1726 1523 effectu
1739 1491 1821 1524 veri-

1083 1549 1179 1576 tatem
1205 1543 1390 1581 ostendent,
1412 1553 1491 1586 quos
1516 1543 1639 1585 pariter
1666 1548 1821 1576 moneant

1080 1596 1109 1628 vi
1126 1596 1300 1629 iuramenti
1322 1595 1477 1637 adstringi
1497 1595 1534 1628 ad
1557 1597 1703 1629 oce-ulios
1722 1596 1819 1629 etiam

1081 1649 1381 1692 ignominiososque
1406 1648 1551 1681 defectus
1577 1649 1676 1687 illius,
1696 1649 1734 1681 de
1753 1659 1819 1692 quo

1081 1703 1302 1745 interrogandi
1334 1708 1423 1741 sunt,
1448 1703 1507 1735 sub
1542 1704 1651 1745 poena
1683 1703 1818 1745 periurii

1081 1756 1287 1799 aperiendos.
1320 1756 1387 1788 Ilae
1423 1765 1500 1797 ergo
1532 1756 1756 1788 nominatione
1788 1761 1820 1788 et

1082 1809 1261 1841 iuramento
1278 1808 1475 1851 praemissis,
1490 1807 1535 1840 sic
1552 1818 1819 1851 unumquemque

1082 1861 1312 1904 interrogabit:

1124 1914 1243 1952 Primo,
1260 1919 1296 1946 ut
1316 1913 1401 1946 dieat
1416 1923 1513 1956 quam
1530 1919 1671 1946 aetatem
1687 1914 1817 1954 habeat,

1081 1972 1113 1999 et
1137 1977 1177 2000 an
1205 1968 1247 1999 sit
1270 1967 1532 2009 consanguineus
1561 1966 1597 1999 N.
1631 1967 1742 1999 novitii
1767 1969 1817 2001 vel

1081 2019 1275 2062 postulantis
1294 2019 1440 2052 habitum
1467 2019 1499 2051 in
1528 2025 1689 2052 conventu
1709 2020 1759 2060 N.‚
1777 2031 1818 2053 an

1081 2071 1278 2104 inimicitiam
1297 2077 1351 2103 aut.
1367 2071 1563 2104 simultatem
1579 2077 1729 2105 exerceat
1745 2084 1817 2106 cum

1081 2126 1163 2168 ipso,
1190 2126 1241 2157 vel
1266 2124 1456 2167 parentibus
1482 2125 1571 2164 eius,
1599 2130 1631 2157 et
1663 2126 1728 2158 avis
1754 2131 1816 2159 tam

1081 2177 1225 2221 paternis
1260 2187 1356 2219 quam
1382 2177 1536 2210 maternis
1552 2203 1560 2217 ,
1580 2188 1619 2210 an
1645 2189 1718 2211 eum
1736 2190 1819 2212 com-

1081 2230 1264 2273 prehendat
1293 2230 1399 2272 aliqua
1438 2229 1515 2262 iuris
1551 2232 1722 2274 exceptio,
1754 2243 1818 2275 qua

1081 2282 1304 2325 prohibeatur,
1331 2288 1365 2314 ut
1391 2282 1610 2316 testimonium
1636 2284 1752 2317 reddat
1777 2285 1817 2318 de

1081 2335 1264 2379 praedicto:

1127 2388 1285 2428 Secundo,
1313 2399 1352 2421 an
1374 2394 1550 2431 eognoscat
1573 2390 1753 2432 praefatum
1777 2390 1814 2424 N.

1081 2441 1239 2474 novitium
1272 2446 1325 2473 aut
1356 2442 1574 2484 postulantem
1611 2442 1756 2476 habitum
1783 2444 1816 2476 in

1060 2511 1061 2524 t
1081 2499 1240 2527 conventu
1264 2493 1315 2533 N.‚
1333 2500 1363 2526 et
1383 2494 1444 2526 sibi
1470 2494 1538 2528 noti
1569 2494 1633 2527 sint
1662 2502 1814 2538 parentes

1083 2547 1160 2587 cius,
1186 2553 1217 2579 et
1234 2547 1282 2579 avi
1307 2547 1433 2590 paterni
1452 2553 1482 2580 et
1499 2548 1658 2588 materni,
1681 2559 1720 2580 an
1738 2549 1816 2580 sciat

1060 2600 1284 2644 ¹lraedictum
1317 2600 1353 2633 N.
1392 2599 1491 2633 filium
1528 2612 1599 2634 esse
1636 2601 1815 2644 legitimum

1826 227 1874 252 Au.
1892 226 1919 251 (J.
1944 225 2003 252 ltlssl

1865 1124 1935 1145 Cur?
1951 1125 1975 1145 ll.

1857 1152 1886 1171 De
1904 1152 1967 1171 sonna
1985 1157 2015 1170 111-

1839 1179 1953 1199 Θιτυωιιείι
1994 1184 2004 1196 e

1851 1210 1873 1224 cs
1896 1205 1923 1224 ad
1951 1205 2014 1223 infor—

1830 1234 1934 1251 matione-²
1951 1236 2015 1257 pido-

1810 1255 1817 1267 '
1831 1258 1908 1278 dictas.
