2254 3225
246 221 295 248 An.
311 221 339 249 c.
362 222 428 250 1692
473 213 537 247 470

280 388 309 408 Do
324 388 426 410 tectorum

243 419 355 435 concursu.

257 2176 286 2198 Dt-
313 2179 413 2199 tectorum

228 2206 341 2227 eloctione.

438 265 526 304 ribus
552 265 752 315 reputentur,
787 281 820 305 se
846 277 1037 312 exerceant,
1066 277 1101 304 ut
1124 271 1169 304 sic

437 323 590 366 religioni
615 326 743 358 valeant
766 324 932 358 inservire.

483 388 509 410 v.
528 377 605 410 Cum
632 383 755 421 tempus
776 377 854 411 alias
878 390 895 411 a
920 376 1169 421 provincialibus

437 430 515 473 (una
532 442 603 464 cum
625 436 784 465 conventu
809 432 846 464 ad
872 432 977 464 studia
993 436 1098 463 tamen
1117 430 1170 462 de-

435 483 583 526 signato)
618 484 707 516 iuxta
737 484 961 527 oppositorum
993 481 1169 515 commodi-

435 540 531 568 tatem
566 536 713 579 quolibet
741 536 876 569 biennio
912 540 1072 579 quatenus
1106 534 1169 565 sint

433 587 629 625 sufficientes
649 589 854 632 oppositores
880 587 1167 631 praescribendum

434 651 495 683 pro
530 642 659 675 lecturis
698 642 886 680 advenerit,
914 641 968 673 fiat
992 650 1168 673 concursus

435 694 581 726 omnium
619 694 672 737 qui
707 694 791 727 dicta
830 693 984 737 requisita
1017 693 1164 735 comple-

432 746 535 778 verint
553 746 630 789 (sive
657 747 720 779 sint
746 747 842 786 illius,
861 746 925 779 sive
945 746 1077 779 alterius
1094 755 1166 788 pro—

435 800 584 840 vinciae,
618 805 649 833 et
685 801 753 833 inre
789 805 916 833 retento
953 799 991 832 ad
1029 800 1166 832 lecturas

432 853 626 886 obtinendas
663 858 727 885 tum
768 853 799 885 in
840 853 971 895 propria
1002 852 1167 895 provincia

433 910 578 948 tempore
604 905 842 948 oppositionis,
869 905 908 937 ad
932 904 1019 947 qnod
1043 904 1166 937 habiles

432 956 501 990 iure
526 957 673 999 legitimo
703 957 909 990 declarantur
934 957 1075 989 omnium
1102 957 1167 989 iur-

432 1008 558 1051 giorum
584 1009 666 1042 viam
691 1009 862 1042 claudendi
895 1011 1009 1049 cansa,
1041 1014 1106 1041 tum
1133 1010 1163 1041 in

432 1064 469 1094 ea
504 1061 536 1094 in
563 1073 624 1105 qua
649 1062 858 1105 reperiuntur
882 1064 994 1096 saltem
1020 1073 1078 1105 per
1103 1063 1165 1095 ltoc

431 1114 632 1155 sexennium,
649 1115 725 1148 licet
738 1115 801 1148 sint
815 1115 940 1148 alienae
955 1115 1162 1158 provinciae),

431 1173 461 1199 et
478 1167 561 1200 intra
579 1167 715 1210 spatium
733 1168 986 1211 vigintiquatuor
1011 1168 1162 1201 horarum

429 1220 654 1264 unusquisque
691 1221 751 1253 tria
780 1221 876 1254 dubia
904 1232 963 1264 per
986 1231 1081 1253 unam
1106 1222 1163 1254 ho-

429 1283 495 1306 ram
522 1284 619 1316 super
645 1273 746 1306 tribus
767 1274 896 1317 punctis
922 1280 1010 1307 sorte
1036 1275 1163 1307 desum-

430 1326 493 1368 ptis
512 1331 680 1368 proponat,
699 1326 864 1369 propriam
881 1326 1072 1359 sententiam
1093 1337 1162 1369 ape-

427 1378 560 1411 riendo:
585 1389 645 1421 pro
682 1379 893 1422 philosophia
926 1390 962 1411 ex
989 1380 1161 1412 Aristotele

428 1430 459 1462 in
485 1430 600 1472 logica,
631 1437 704 1464 octo
729 1430 848 1464 libros'
875 1432 1094 1475 physicorum,
1122 1433 1160 1465 de

427 1483 542 1522 anima,
562 1488 592 1515 et
611 1484 649 1516 de
664 1484 873 1526 generatione
892 1489 923 1517 et
936 1485 1157 1527 corruptione;

426 1546 487 1578 pro
514 1536 681 1578 theologia
707 1547 782 1569 vero
802 1548 837 1569 ex
857 1537 1007 1580 Magistro
1029 1544 1159 1571 senten-

426 1588 542 1621 tiarum
569 1588 664 1621 Petro
689 1589 891 1630 Lombardo,
919 1596 948 1622 et
983 1601 1040 1632 per
1064 1590 1158 1623 aliam

427 1640 541 1674 horam
563 1642 660 1684 plene
686 1643 858 1675 satisfaciat
883 1643 1122 1676 difficultatibus
1143 1656 1159 1677 a

427 1694 550 1726 duobus
575 1695 858 1738 rooppositoribus
885 1707 942 1739 per
966 1697 1028 1729 dno
1054 1698 1159 1731 media

425 1747 613 1790 propositis,
635 1748 693 1780 nisi
721 1749 897 1781 malueriiit
923 1750 1041 1792 eligere
1060 1752 1157 1793 (quod

427 1810 537 1833 eorum
565 1800 698 1833 arbitrio
724 1802 855 1834 omnino
874 1803 1101 1846 relinquimus)
1123 1815 1159 1837 ex

425 1853 526 1885 tribus
551 1853 680 1896 punctis
706 1865 814 1894 unum,
834 1865 870 1887 ex
893 1866 956 1898 quo
983 1856 1156 1898 genuinam

424 1906 473 1938 vel
505 1905 607 1948 magis
641 1917 816 1939 consonam
852 1909 1073 1950 quaestionem
1099 1920 1159 1952 per

423 1958 560 2002 spatium
585 1959 679 1991 unius
706 1959 807 1992 horae
832 1967 1013 2004 proponant
1036 1967 1068 1995 et
1089 1973 1159 2005 pro-

422 2012 513 2053 bent,
533 2012 571 2045 ad
597 2022 690 2055 quam
711 2017 819 2046 tamen
844 2019 1015 2047 teneantur
1038 2016 1158 2058 pariter

424 2065 486 2098 (luo
511 2066 759 2108 cooppositores
791 2067 854 2099 duo
880 2068 984 2100 media
1009 2068 1158 2102 similiter

423 2127 619 2160 proponere.

468 2179 510 2202 vi.
542 2169 807 2212 Oppositionibus
844 2172 1004 2215 expletis,
1032 2184 1153 2207 conve-

423 2223 514 2256 niant
545 2223 654 2256 statim
682 2224 908 2266 provincialis,
938 2226 1072 2269 eiusque
1098 2238 1154 2260 so-

424 2277 513 2316 cius,
546 2277 637 2319 prior
674 2280 875 2318 conventus,
905 2286 1056 2321 regentes
1091 2281 1154 2313 sive

423 2330 562 2362 lectores
598 2330 761 2370 actuales,
796 2333 860 2363 una
894 2342 966 2363 cum
991 2333 1155 2375 praefecto

422 2382 557 2425 aliisque
583 2382 745 2424 magistris
768 2382 807 2416 de
831 2394 965 2416 numero
991 2384 1022 2417 in
1041 2386 1154 2418 eodem

422 2440 581 2468 conventu
601 2435 803 2477 degentibus,
822 2437 876 2479 qui
895 2437 1023 2479 quidem
1043 2449 1154 2471 omnes

422 2488 542 2521 eisdem
569 2488 831 2531 oppositionibus
856 2489 1002 2522 assistere
1028 2495 1155 2523 tenean-

424 2546 486 2581 tur,
511 2546 542 2574 et
566 2552 624 2584 per
648 2547 719 2574 vota
744 2547 870 2575 secreta
895 2543 1078 2576 conferatur
1102 2554 1153 2576 re-

458 2604 467 2628 1
492 2601 583 2628 Potius
603 2603 661 2637 lege
678 2603 761 2631 libris
782 2604 821 2638 (n.
837 2603 885 2638 r).

1007 222 1183 248 BELLARIUM
1207 207 1362 246 ROMANUM
1947 221 1996 249 An.
2012 222 2040 250 C.
2064 224 2131 251 {692

1211 271 1353 314 spective
1377 269 1500 304 lectura
1524 268 1570 303 illi
1596 268 1649 313 qui
1673 278 1767 313 ptura
1790 263 1864 303 vota
1888 269 1941 303 ha-

1210 323 1327 363 buerit,
1360 329 1399 363 et,
1425 323 1614 366 aequalibus
1638 324 1741 363 votis,
1767 322 1821 366 qui
1844 323 1942 356 fuerit

1211 377 1410 418 professione
1428 376 1590 419 antiquior
1611 376 1716 418 (salva
1734 381 1839 409 tamen
1857 387 1941 410 sern-

1211 438 1270 470 pet·
1294 429 1494 471 generalium
1528 429 1713 461 auctoritate
1749 429 1940 462 instituendi

1211 485 1275 513 tum
1294 482 1475 524 praefectos
1492 485 1558 513 tum
1585 487 1735 523 regentes
1752 482 1939 523 studiorum,

1211 543 1292 576 quos
1309 534 1452 576 aptiores
1470 533 1691 574 iudicaverint,
1707 535 1895 576 praesertim
1907 535 1940 568 in

1210 585 1324 618 studiis
1341 586 1571 629 generalibus),
1585 586 1696 619 relicta
1713 586 1831 620 deinde
1849 588 1941 621 alteri

1210 639 1314 681 prima
1330 640 1454 672 lectura
1473 642 1621 672 vacatura
1637 640 1758 683 absque
1771 650 1870 673 novae
1884 651 1942 684 op-

1208 691 1380 735 positionis
1397 692 1605 734 obligatione,
1620 698 1650 725 et
1670 693 1841 726 declaratis
1858 693 1942 734 aliis,

1209 744 1263 787 qui
1289 745 1322 778 in
1347 744 1505 788 suffragiis
1531 745 1648 778 fuerint
1671 745 1865 787 inferiores,
1890 747 1941 780 vel

1209 798 1382 832 lectoribus
1408 798 1592 841 theologiae
1629 800 1760 832 moralis
1793 810 1852 842 per
1877 800 1941 833 hoc

1208 851 1400 884 sexennium
1417 856 1548 892 tantum,
1563 852 1613 885 vel
1630 852 1792 895 magistris
1809 853 1941 886 studen-

1210 902 1287 935 tium
1309 908 1376 937 tum
1400 903 1631 947 philosophiae
1659 909 1724 937 tum
1745 904 1939 948 theologiae,

1207 961 1241 988 ut
1258 956 1292 989 in
1309 956 1470 992 exercitiis
1496 956 1662 990 litterariis
1679 963 1827 1000 regentes
1851 957 1941 991 adiu-

1207 1013 1301 1049 vent,
1327 1009 1487 1052 simulque
1520 1019 1553 1041 se
1582 1009 1757 1053 disponant
1781 1010 1821 1043 ad
1846 1020 1940 1043 suum

1206 1070 1338 1094 cursum
1361 1061 1622 1105 philosophicum
1643 1062 1890 1101 confi-ciendum,
1908 1069 1941 1097 et

1206 1114 1253 1146 sic
1276 1115 1428 1148 subtilius
1449 1125 1484 1147 ac
1508 1115 1682 1158 perfectius
1708 1127 1801 1150 suum
1825 1127 1940 1150 munus

1205 1167 1385 1211 adimplere
1402 1168 1531 1211 possint
1545 1173 1690 1211 tempore
1705 1179 1778 1212 quo,
1792 1169 1831 1202 ad
1842 1180 1941 1213 oppo—

1205 1220 1357 1253 sitionem
1375 1221 1491 1254 iterum
1509 1222 1693 1261 redeuntes,
1713 1222 1874 1265 eligentur
1891 1233 1940 1256 re-

1205 1279 1317 1315 gentes
1349 1273 1415 1306 sive
1440 1274 1597 1314 lectores;
1624 1274 1878 1318 mandamusque
1904 1280 1940 1308 ut

1206 1332 1267 1358 tam
1293 1327 1430 1359 lectores
1457 1337 1551 1370 quam
1575 1327 1720 1370 magistri
1737 1328 1938 1362 studentium

1204 1379 1365 1421 eligantur
1396 1379 1484 1412 iuxta
1519 1380 1635 1413 merita
1659 1385 1691 1413 et
1714 1380 1937 1423 antiquitatem

1204 1431 1236 1463 in
1262 1431 1383 1464 iustitia
1406 1437 1437 1465 et
1461 1432 1642 1476 aequitate,
1677 1443 1772 1475 quam
1805 1433 1936 1466 omnino

1203 1484 1412 1525 intendimus,
1437 1495 1501 1518 non
1527 1491 1632 1519 autem
1657 1486 1696 1520 ad
1720 1486 1846 1519 libitum
1864 1497 1937 1529 pro-

1203 1537 1348 1570 vincialis
1367 1548 1423 1570 seu
1442 1538 1647 1580 1·egentium;
1674 1549 1770 1582 super
1794 1549 1857 1582 quo
1883 1549 1937 1572 eo-

1204 1601 1275 1623 rum
1300 1590 1514 1623 conscientias
1532 1601 1714 1631 oneramus,
1739 1602 1780 1624 ne
1805 1591 1839 1623 in
1863 1601 1936 1624 sen-

1203 1643 1337 1676 tentiam
1362 1643 1529 1676 electionis
1558 1644 1709 1687 indigni,
1743 1644 1857 1678 relicto
1889 1644 1936 1678 di-

1202 1696 1326 1738 gniore,
1343 1696 1565 1739 prolabantur.

1245 1759 1301 1782 vn.
1330 1749 1464 1781 Lectura
1482 1749 1627 1789 obtenta,
1651 1749 1760 1792 legant
1783 1760 1842 1793 per
1871 1755 1953 1784 tresae
1973 1761 2000 1781 ne
2016 1761 2128 1790 iactantia»

1203 1812 1304 1834 annos
1322 1807 1419 1835 totam
1438 1802 1681 1845 philosophiam
1699 1803 1730 1834 in
1749 1803 1854 1845 primo
1872 1804 1935 1837 col·
1945 1787 2100 1814 ⁰b⁵¹⁰⁴⁰¹¹h¹³⁰'

1202 1856 1288 1897 legio
1305 1881 1312 1894 ,
1350 1856 1447 1888 modo
1479 1860 1510 1888 et
1534 1855 1636 1888 forma
1668 1855 1711 1887 ibi
1737 1856 1932 1896 declaratis;

1202 1918 1265 1950 quo
1290 1907 1432 1940 triennio
1451 1909 1593 1950 expleto,
1611 1908 1747 1951 gradum
1764 1908 1935 1942 baccalau-

1202 1965 1308 1993 reatns
1326 1971 1343 1993 a
1369 1961 1513 2003 generali
1534 1960 1770 2004 consequatur*
1787 1962 1826 1995 ad
1845 1962 1936 1994 theo-

1202 2013 1307 2054 logiae
1339 2014 1496 2046 lecturam
1528 2014 1754 2056 complendam
1772 2025 1832 2057 per
1855 2014 1935 2047 alios

1203 2067 1345 2109 quinque
1371 2077 1493 2106 annos,
1521 2073 1594 2100 ante
1626 2068 1759 2109 gradum
1788 2067 1935 2109 magiste-

1203 2120 1249 2159 rii,
1266 2130 1360 2162 quem
1377 2131 1394 2152 a
1408 2120 1502 2152 nobis
1519 2130 1554 2152 ac
1572 2120 1830 2160 successoribus,
1847 2120 1933 2154 iuxta

1202 2174 1301 2206 Breve
1318 2173 1491 2206 Alexandri
1507 2173 1583 2213 Vttt,
1603 2173 1721 2206 deinde
1740 2174 1933 2207 obtinebunt

1201 2226 1387 2268 deputandi.

1242 2289 1312 2312 vtn.
1341 2278 1489 2312 Lectores
1513 2289 1616 2322 usque
1640 2279 1739 2312 modo
1763 2279 1824 2313 iam
1843 2279 2025 2332 insti-mati),a
2041 2292 2123 2332 ¹'l⁰!2⁰'

1199 2332 1257 2363 tuti
1291 2332 1347 2373 (et
1382 2331 1469 2364 idem
1500 2332 1788 2374 proportionaliter
1823 2319 2123 2365 dicen-dunufmiiuirtas·

1199 2384 1273 2416 dnm
1305 2383 1390 2416 venit
1430 2384 1468 2417 de
1497 2384 1736 2424 baccataureis,
1763 2385 1816 2428 qui
1848 2395 1931 2419 non-

1198 2437 1273 2468 dum
1298 2436 1466 2468 biennium
1499 2436 1759 2469 baccalaureatus
1791 2439 1931 2481 comple-

1197 2490 1324 2531 verint),
1338 2489 1392 2532 qui
1405 2490 1452 2521 vel
1469 2494 1594 2531 tempus
1608 2500 1667 2532 pro
1686 2490 1930 2529 baccalaureatu

1196 2541 1429 2585 consequendo
1465 2542 1610 2573 nondum
1650 2542 1927 2585 adimpleverunt,

1231 2605 1242 2630 1
1267 2603 1377 2631 Videtur
1396 2602 1540 2638 tegendum
1561 2609 1768 2638 consequantur
1788 2605 1828 2640 (fl.
1842 2605 1892 2641 r.)-
