2227 3225
148 228 198 254 An.
215 227 245 254 C.
267 226 330 254 1691

920 222 1130 248 INNOCENTIUS
1154 223 1196 246 x11
1220 223 1268 246 ΓΡ.

343 276 476 320 positis,
513 275 573 308 sibi
610 275 695 308 clare
727 278 759 308 et
795 273 945 306 distinete
979 273 1080 305 maui-
1122 282 1180 314 pro
1206 280 1341 304 munere
1367 269 1535 313 requisitis
1554 268 1726 302 defluxisse
1742 277 1861 309 cogno-

343 330 460 362 festent
484 339 520 361 ea
545 328 665 368 omnia,
685 327 817 371 quaein
836 326 1078 365 communitate,
1122 324 1221 359 verit.
1249 323 1429 367 prudenter
1461 328 1492 355 et
1526 321 1672 364 privatim
1709 321 1861 353 similiter

342 383 492 426 aliquove
518 382 697 421 individuo,
713 379 954 418 emendatione,
975 388 1080 412 eorre-

342 436 451 469 ctione
478 446 535 469 seu
559 435 731 479 punitione
757 434 856 476 digna
880 432 1079 476 repererint,

344 495 378 523 et
411 489 549 522 maxime
590 487 750 532 quidquid
785 488 817 520 in
855 485 1082 520 observantiae

344 544 494 584 ruinam,
519 542 688 585 religionis
723 541 790 575 sive
816 540 948 573 fratrum
974 539 1083 583 perni—

345 597 427 630 ciem
453 596 550 630 fuerit
574 599 809 639 perpetratum,
836 593 861 626 si
887 604 965 637 quas
1000 593 1084 625 rixas

345 656 401 686 aut
425 650 572 690 dissidia,
601 649 627 682 si
652 659 715 692 qua
740 647 892 681 scandala
908 648 958 680 vel
978 646 1084 679 crimi-

346 715 398 745 na,
423 709 455 737 et
479 703 503 739 si
529 714 593 746 qua
617 703 680 736 alia
705 713 741 735 ex
767 702 818 742 iis,
843 702 882 735 de
908 701 1025 744 quibus
1051 699 1082 731 in

347 757 505 791 scrutinio
532 756 667 789 inferius
686 755 883 789 declarando
903 755 1085 796 interroga-

346 811 488 849 buntur,
515 815 578 843 tam
604 809 636 841 in
670 809 775 852 capite.
807 817 903 851 quam
928 807 959 840 in
985 817 1085 839 1110111-

347 864 414 896 bris
429 863 630 906 agnoverint,
649 867 831 905 cunctaque
848 861 970 904 absque
986 859 1085 893 dubio

348 917 462 949 fratres
487 916 630 959 singuli,
657 915 886 958 cuiuscumque
912 914 1030 957 gradus
1056 918 1087 945 et

348 969 545 1003 conditionis
566 968 744 1008 extiterint,
777 968 805 1001 ei
838 972 949 1011 aperte
979 967 1087 1000 decla—

349 1033 420 1056 rare
447 1022 595 1062 debeant,
612 1027 646 1055 111
669 1022 743 1061 illis,
762 1021 793 1054 in
815 1020 935 1054 indicio
963 1021 1014 1053 vcl
1037 1030 1089 1053 ex-

350 1080 409 1117 tra,
437 1086 614 1119 congruam
639 1075 759 1108 inferat
782 1073 990 1107 medicinam.

394 1141 424 1163 x.
450 1129 489 1162 Ut
514 1134 619 1162 autem
645 1128 760 1161 fratres
784 1127 866 1160 nihil
886 1127 925 1160 de
951 1126 1013 1159 sibi
1039 1136 1089 1158 ro-

350 1183 496 1217 velandis
521 1183 696 1222 occultent,
723 1182 756 1214 in
781 1181 844 1214 hoe
872 1180 977 1224 primo
1003 1180 1090 1222 capi·-

352 1238 418 1271 tulo
444 1237 558 1270 iisdem
575 1240 725 1279 exponat,
744 1239 901 1277 quantum
920 1233 994 1267 illos
1014 1243 1090 1266 cen-

352 1300 425 1323 sura
451 1295 482 1322 et
501 1289 718 1322 iuramentum
736 1287 948 1330 adstringant,
970 1286 1088 1329 quibus

353 1343 460 1376 omnia
485 1342 546 1375 sibi
572 1348 649 1375 nota
679 1351 715 1374 ac
731 1340 876 1373 remedio
903 1339 1000 1382 digna
1024 1349 1090 1371 ma-

352 1397 507 1429 nifestare
531 1395 746 1439 promittunt,
773 1393 816 1425 ibi
848 1393 934 1425 enim
964 1392 1090 1425 adiuret

353 1459 410 1482 eos
435 1458 494 1492 per
517 1447 644 1480 viscera
668 1446 738 1479 Iesu
763 1445 900 1486 Christi,
928 1445 1014 1489 quod
1036 1444 1091 1478 bo-

1122 378 1310 420 suspendat,
1328 377 1432 411 donee
1450 376 1557 410 denuo
1583 375 1795 408 examinatum
1810 384 1861 417 ap-

1123 432 1241 475 probet
1267 431 1316 463 vel
1342 434 1520 463 removeat.

1168 496 1227 519 xii.
1255 484 1371 518 Postea
1396 494 1473 517 vero
1499 483 1584 516 intra
1612 483 1664 516 vel
1696 487 1786 515 extra
1810 491 1862 514 ce-

1124 538 1341 572 lebrationem
1365 537 1482 570 missae
1507 536 1580 570 alb-:1
1606 541 1637 569 et
1661 535 1793 579 pluviali
1818 534 1864 566 in-

1126 593 1231 632 1111105,
1258 597 1289 625 01
1314 601 1387 624 cum
1413 590 1517 624 cereis
1541 589 1684 623 accensis
1700 616 1707 629 ‚
1733 593 1766 622 et
1790 588 1863 621 thu-

1125 646 1242 686 ribulo,
1259 645 1440 678 secundum
1467 644 1602 678 formam
1629 641 1755 676 ritualis
1773 641 1865 675 Ordi-

1126 699 1196 737 nis,
1227 698 1335 731 visitet
1358 702 1596 731 sacramentum
1621 695 1864 734 Eucharistiae,

1127 764 1167 786 an
1185 753 1224 785 sit
1248 752 1281 784 in
1306 753 1377 785 loco
1402 751 1467 795 pie,
1485 750 1637 793 religiose
1656 754 1688 782 01
1705 748 1865 782 ritualiter

1127 811 1240 850 parato
1265 811 1297 838 et
1321 805 1488 843 instructo,
1508 809 1541 836 et
1564 813 1628 846 (1110
1655 807 1801 845 tempore
1818 811 1865 834 re-

1128 859 1240 892 novari
1266 858 1381 891 soleat.
1409 857 1521 890 Videat
1538 856 1673 899 insuper
1698 860 1730 888 et
1754 864 1866 887 recen-

1128 917 1196 946 seat
1227 923 1265 945 an
1292 910 1450 954 reliquiae
1476 915 1507 944 et
1531 910 1638 943 oleum
1663 907 1867 941 infirmorum

1130 967 1259 1000 decenti
1297 967 1385 999 cultu
1427 968 1457 998 et
1501 962 1649 996 custodia
1684 967 1864 996 serventur.

1128 1018 1251 1052 Deinde
1277 1029 1316 1051 an
1342 1027 1434 1050 sacra
1459 1017 1649 1050 indumenta
1671 1025 1731 1059 pro
1756 1024 1868 1048 neces-

1130 1073 1222 1105 sitate
1249 1071 1417 1111 sufficiant,
1436 1081 1476 1104 an
1494 1075 1569 1113 apta
1585 1074 1617 1102 et
1641 1068 1763 1101 munda
1783 1067 1865 1107 sint;

1131 1132 1162 1158 et
1187 1136 1269 1170 quae
1295 1124 1497 1168 reparanda,
1523 1133 1606 1166 quae
1630 1122 1695 1155 sint
1719 1121 1868 1154 addenda

1131 1179 1324 1223 praecipiat.

1175 1242 1244 1266 1111.
1271 1232 1345 1264 Post
1362 1231 1443 1264 haec
1461 1234 1568 1263 autem
1593 1229 1624 1262 in
1650 1233 1776 1262 secreto
1794 1228 1868 1260 loco

1132 1285 1217 1319 solus
1242 1296 1259 1318 a
1283 1284 1419 1326 singulis
1444 1284 1595 1317 fratribus
1621 1282 1758 1325 accipiat
1784 1281 1869 1313 iura-

1132 1344 1285 1379 mentum,
1304 1338 1392 1381 quod
1416 1348 1491 1370 vera
1516 1336 1687 1379 proferent
1703 1335 1742 1368 ad
1760 1345 1809 1374 ea,
1829 1334 1867 1366 de

1133 1392 1251 1436 quibus
1269 1390 1461 1433 interrogati
1480 1389 1601 1422 fuerint
1617 1390 1657 1422 ab
1675 1389 1758 1432 ipso,
1780 1387 1868 1420 omni

1132 1445 1208 1478 odio
1242 1450 1275 1477 01
1306 1454 1417 1476 amore
1442 1442 1665 1486 posthabitis,
1692 1451 1797 1484 eoque
1823 1439 1870 1472 sie

352 1511 429 1535 num
461 1501 590 1534 Ordinis
625 1505 657 1533 et
687 1499 822 1532 fratrum
857 1499 890 1531 in
914 1497 1036 1531 iustitia
1060 1500 1112 1549 011
1132 1498 1311 1543 praestito,
1338 1498 1492 1541 procedat
1516 1497 1556 1531 ad
1580 1495 1811 1540 inquirendum
1836 1493 1869 1526 in

351 1555 486 1588 veritate
523 1553 681 1597 diligant,
708 1553 794 1596 quod
829 1551 942 1585 salutis
975 1561 1090 1584 0010111

351 1609 430 1642 boni
444 1609 661 1641 aemulatores
677 1606 824 1645 existant,
844 1605 1011 1648 quodque,
1029 1614 1091 1637 me-

353 1662 425 1695 dico
461 1661 607 1704 ipserum
640 1665 751 1693 vetera
785 1660 835 1692 vel
867 1657 1092 1702 putrescentia

351 1715 487 1747 vulnera
507 1714 661 1753 celantes,
678 1723 789 1746 eorum
814 1711 944 1756 patroni
969 1711 1088 1744 crude-

352 1769 400 1801 les
426 1767 587 1811 amicique
611 1766 757 1810 pestiferi
786 1777 853 1799 non
878 1765 973 1806 fiant,
994 1775 1092 1809 super

354 1822 417 1854 hoe
441 1821 529 1853 enim
554 1819 596 1853 sit
620 1825 685 1852 tota
720 1820 770 1853 vel
802 1819 979 1862 praecipua
1004 1818 1092 1862 capi·

354 1874 413 1907 tuli
434 1884 471 1907 30
495 1873 655 1906 sermonis
680 1873 824 1912 materia,
851 1883 914 1916 quo
941 1871 981 1905 de
1009 1871 1093 1914 ipso-

354 1937 428 1960 rum
451 1927 600 1959 manibus
625 1925 861 1969 exquirendum
886 1935 957 1958 esse
982 1930 1092 1968 prote-

354 1986 457 2014 stetur
481 1979 674 2022 sanguinem
699 1979 780 2019 cius,
799 1979 853 2022 qui
879 1989 936 2011 suo
961 1977 1091 2011 silentio

353 2033 500 2078 perierit.
521 2034 587 2066 llos
611 2032 748 2065 maxime
769 2043 900 2065 securos
921 2032 1035 2065 reddat
1051 2032 1091 2064 de

354 2091 484 2120 secreto
503 2097 521 2119 a
546 2096 579 2118 50
598 2085 740 2118 fideliter
771 2090 948 2128 exacteque
967 2094 1091 2118 servan-

355 2141 395 2174 do
420 2141 452 2173 in
470 2139 621 2173 omnibus
653 2150 733 2183 quae
759 2139 819 2172 sibi
845 2139 1092 2182 quomodolibet

355 2192 582 2233 revelaverint,
598 2198 696 2236 prout
720 2193 752 2225 in
778 2192 979 2225 conscientia
1003 2197 1092 2225 tene-

355 2252 408 2280 tur
432 2252 465 2280 et
488 2247 624 2279 inferius
650 2246 742 2279 enixe
768 2245 979 2289 praecipitur.

398 2312 440 2335 xi.
467 2301 502 2333 In
523 2300 689 2344 praedicto
715 2300 831 2333 deinde
857 2299 1000 2343 capitulo
1026 2304 1091 2331 tam

354 2355 517 2398 praelatus
541 2364 636 2397 quam
663 2353 807 2386 visitator
832 2363 945 2385 omnes
970 2352 1091 2385 confes-

356 2407 458 2440 sarios
483 2406 614 2450 publice
640 2411 671 2439 et
696 2417 733 2439 ex
756 2405 861 2439 officio
888 2406 1089 2449 suspendat,

355 2466 486 2503 praeter
510 2460 697 2503 graduatos,
718 2460 820 2493 (101100
840 2470 922 2493 110νο
944 2459 1090 2492 examine

357 2513 583 2555 comprobatos
607 2512 766 2553 restituat,
785 2523 842 2545 seu
869 2523 886 2545 a
910 2513 1091 2545 ministerio

357 2571 509 2598 revertat.
525 2565 673 2599 Ceterum
691 2566 716 2599 si
735 2567 925 2608 graduatum
952 2566 1092 2608 aliquem

358 2630 376 2652 a
411 2619 601 2652 sufficientia
636 2620 685 2653 vel
721 2619 917 2653 discretione
954 2620 1091 2663 aliisque

1133 1562 1256 1595 genere
1279 1552 1318 1585 de
1344 1557 1427 1584 statu
1453 1552 1590 1592 domus,
1617 1549 1656 1582 de
1681 1549 1782 1588 fama,
1808 1547 1870 1580 vita

1133 1612 1166 1639 et
1183 1606 1353 1639 honestate
1379 1604 1512 1648 praelati
1531 1609 1563 1636 et
1580 1603 1784 1636 subditorum
1802 1601 1869 1634 eius

1133 1660 1311 1693 secuudum
1329 1657 1577 1691 instructionem
1595 1656 1733 1690 inferius
1752 1665 1871 1699 propo-

1133 1713 1273 1748 nendam
1290 1738 1297 1752 ‚
1324 1712 1519 1755 singulaque
1548 1711 1581 1743 in
1607 1709 1870 1743 emendationem

1132 1765 1312 1809 respective
1338 1765 1480 1805 inducat,
1497 1769 1595 1808 prout
1620 1763 1680 1796 sibi
1706 1763 1870 1796 declarata

1133 1831 1170 1853 ae
1194 1819 1331 1862 probata
1355 1818 1487 1857 fuerint,
1512 1823 1544 1851 et
1566 1817 1705 1850 iustitiae
1730 1817 1779 1849 vel
1797 1816 1871 1848 cha-

1133 1872 1221 1905 ritati
1246 1872 1428 1906 conveniat.
1455 1871 1577 1904 Delicta
1603 1880 1677 1903 vero
1701 1874 1765 1902 tam
1783 1877 1870 1901 eom-

1132 1926 1362 1959 mendatorum
1392 1936 1488 1969 quam
1509 1925 1642 1958 fratrum
1659 1922 1779 1963 visitet,
1800 1931 1871 1956 cor-

1132 1979 1217 2021 rigat
1241 1983 1272 2011 et
1296 1979 1468 2017 emendet,
1493 1986 1700 2021 quocumque
1725 1981 1869 2018 tempore

1132 2037 1321 2075 perpetrata
1346 2031 1422 2071 sint,
1447 2031 1471 2064 si
1497 2030 1613 2074 punita
1644 2034 1674 2063 et
1699 2029 1870 2062 emendata

1133 2095 1199 2119 non
1224 2086 1358 2118 fuerint.

1175 2149 1240 2172 xiv.
1259 2138 1336 2171 Post
1347 2137 1564 2171 visitationem
1577 2146 1686 2170 rerum
1699 2134 1868 2173 ecclesiae,

1132 2192 1252 2224 visitari
1274 2191 1395 2225 debent
1411 2201 1524 2224 omnes
1542 2190 1616 2223 libri
1636 2190 1818 2229 rationales,
1838 2192 1870 2220 ct

1132 2245 1311 2278 inventaria
1350 2250 1558 2286 conventus,
1594 2244 1747 2277 videlieet
1785 2243 1870 2275 liber

1132 2299 1314 2339 missarum,
1338 2304 1368 2332 et
1390 2298 1508 2342 reliqui
1535 2309 1649 2332 omnes
1673 2297 1738 2331 dati
1763 2302 1794 2330 et
1819 2306 1870 2329 ac·—

1133 2352 1228 2395 cepti,
1242 2352 1456 2385 inventarium
1471 2351 1645 2391 sacristiae,
1661 2350 1867 2389 infirmariae,

1132 2405 1376 2446 bibliothecae,
1407 2405 1616 2448 omniumque
1654 2403 1867 2442 utensilium,

1134 2470 1215 2502 quae
1240 2464 1316 2492 sunt
1340 2459 1373 2491 in
1398 2459 1528 2492 cellulis
1552 2459 1698 2497 fratrum,
1726 2468 1798 2490 cuin
1825 2461 1869 2488 ta-

1134 2514 1210 2545 bula
1245 2513 1470 2545 defunctorum
1507 2512 1708 2556 provinciae.
1745 2509 1868 2543 Deinde

1135 2577 1210 2599 vero
1227 2567 1329 2599 libros
1346 2565 1581 2609 redemptionis
1606 2565 1768 2608 suscipiat,
1788 2574 1869 2607 quos

1136 2619 1324 2662 diligentius
1349 2625 1381 2653 et
1405 2618 1585 2652 accuratius
1610 2619 1659 2662 (01
1682 2617 1868 2651 institutum

1757 209 1818 244 381
1868 219 1919 246 Aa.
1936 201 1964 246 c'.
1984 217 2050 246 1691
