2254 3225
479 225 542 256 §.⁰3ss

439 282 577 316 jusmodi
601 284 747 317 curribus
773 284 932 317 dictorum
969 283 1174 316 nosocomio-

438 346 522 377 rum,
549 342 584 369 ut
608 336 640 370 in
665 337 735 370 aliis
759 337 918 370 similibus
944 336 1085 379 aegrotis
1111 332 1174 369 ser-

439 388 507 421 vari
524 390 618 430 solet,
636 396 822 433 peragatur:
849 390 1079 423 defunctorum
1098 399 1173 421 vero

438 440 629 475 vestimenta
654 453 671 475 a
696 443 903 482 nosocomiis,
930 442 961 475 in
987 442 1101 485 quibus
1126 441 1173 474 illi

438 495 478 527 ab
496 494 644 528 humanis
663 496 870 535 decesserint,
893 495 1034 538 hospitio
1052 499 1175 537 aposto·

438 546 500 579 lico
524 548 670 590 praefato
695 553 847 590 prompte
873 553 904 580 et
921 546 1061 579 fideliter
1082 546 1172 579 resti-

439 604 582 633 tuantur.
609 600 760 633 Ceterum
785 600 942 642 aegrotis,
973 599 998 632 si
1025 609 1106 642 quos
1135 598 1172 631 ad

439 652 626 685 nosocomia
650 653 689 685 ab
715 653 860 695 hospitio
890 652 1023 696 eiusque
1045 651 1125 685 loeis
1143 656 1174 684 et

439 704 694 738 habitationibus
738 706 923 739 huiusmodi
963 704 1174 748 transportari

438 769 503 791 non
530 769 627 801 posse
652 759 826 802 aliquando
856 759 1047 801 contigerit,
1074 759 1174 791 eccle?

439 811 505 844 siae
531 818 733 845 sacramenta
757 823 774 845 a
799 813 965 856 parochis,
986 813 1017 845 in
1036 822 1175 856 quorum

438 864 587 897 districtu
613 864 697 898 idem
724 865 901 908 hospitium
934 865 1069 909 eiusque
1103 866 1175 898 loca

438 921 470 949 et
504 916 724 950 habitationes
762 918 822 951 sita
858 917 1011 958 existunt,
1051 918 1099 950 vel
1136 917 1175 950 ab

437 969 507 1002 aliis
533 970 572 1003 de
592 970 781 1003 eorumdem
802 971 1021 1013 parochorum
1042 970 1176 1004 licentia

436 1022 676 1056 ministrentur.
718 1023 850 1056 Illorum
885 1034 961 1057 vero
998 1024 1173 1063 cadavera,

437 1075 491 1118 qui
515 1075 549 1108 in
574 1075 717 1118 hospitio
737 1076 948 1109 Lateranensi
968 1076 1174 1117 decesserint,

436 1128 469 1161 in
490 1129 690 1162 coemeterio
717 1130 852 1173 hospitii
885 1129 924 1162 ad
958 1129 1072 1163 Sancta
1103 1141 1176 1163 san-

437 1186 574 1222 ctorum,
602 1193 683 1225 quos
708 1193 784 1216 vero
809 1182 842 1215 in
866 1182 947 1216 locis
965 1182 1117 1226 praefatis
1135 1184 1173 1216 ad

438 1234 550 1277 Ripam
587 1235 734 1277 Magnam
771 1240 1008 1278 nuncupatam,
1039 1246 1098 1269 seu
1135 1236 1174 1269 ad

437 1287 572 1320 Pontem
597 1287 721 1320 Sixtum
747 1288 829 1321 mori
854 1288 1039 1331 eontigerit,
1066 1289 1098 1322 in
1123 1299 1175 1322 ea-

436 1340 583 1373 rumdem
610 1340 821 1373 ecelesiarum
847 1342 1025 1384 sepulturis
1043 1348 1073 1375 et
1100 1353 1175 1376 coe-

437 1392 581 1425 meteriis
607 1392 736 1426 interim
761 1394 952 1427 construetis
977 1399 1009 1427 et
1030 1400 1175 1428 constru-

437 1445 530 1479 endis
553 1447 733 1489 respective
770 1447 891 1491 absque
917 1448 985 1481 ullo
1016 1449 1175 1491 parocho-

437 1509 508 1531 rum
533 1501 753 1533 emolumento
779 1501 991 1544 sepeliantur.

244 1587 279 1607 w
307 1562 426 1609 ¹(autumus
480 1552 495 1596 ἓ
519 1552 572 1586 23.
592 1553 695 1597 thue
712 1554 899 1596 ingentibus
914 1555 1076 1598 expensis,
1092 1567 1174 1599 quae

243 1594 525 1639 ustit'ltinl'fil'tanto
550 1606 644 1649 operi
668 1607 871 1640 necessariae
889 1613 971 1647 sunt,
993 1608 1176 1651 aliqualiter

437 1659 639 1702 suppleatur,
666 1660 834 1700 volumus,
860 1661 1050 1693 mandamus
1083 1666 1115 1694 et
1142 1672 1174 1694 a-

435 1711 594 1753 postolica
625 1713 818 1745 auctoritate
851 1713 993 1756 hospitio
1026 1714 1172 1757 praefato

435 1764 646 1798 concedimus
668 1771 698 1798 et
719 1765 937 1807 indulgemus,
956 1771 991 1798 ut
1011 1777 1173 1810 pauperes

435 1816 606 1859 praedicti,
641 1818 689 1850 vel
715 1818 747 1850 in
775 1818 917 1861 hospitio
953 1820 1170 1860 conviventes,

436 1870 485 1903 vel
511 1875 601 1903 extra
627 1871 718 1911 illud,
746 1878 781 1904 ut
812 1872 1005 1914 praefertur,
1032 1883 1173 1906 eommo-

435 1928 556 1962 rantes,
582 1923 729 1956 habitum
757 1930 861 1957 tamen
889 1924 1022 1967 hospitii
1049 1931 1174 1967 gestan-

436 1979 494 2015 tes,
508 1979 575 2008 eta
588 1975 850 2018 Congregatione
868 1977 1009 2010 adhunc
1023 1977 1172 2010 effectum

436 2027 596 2070 eligenda,
626 2029 849 2072 eleemosynas
874 2030 912 2062 ad
931 2035 1040 2072 portas
1070 2032 1172 2064 eecle-

436 2081 555 2113 siarum
582 2087 614 2114 et
639 2081 671 2114 in
697 2082 766 2115 aliis
792 2082 871 2115 loeis
895 2083 1070 2123 benevisis,
1091 2094 1172 2116 nun-

435 2145 529 2177 quam
556 2139 662 2168 tamen
687 2135 770 2168 intra
795 2136 957 2175 eeclesias,
985 2137 1023 2169 ad
1048 2137 1170 2170 benefi-

435 2188 520 2221 cium
549 2189 685 2231 praefati
719 2189 852 2232 hospitii
884 2189 1020 2233 eiusque
1052 2201 1172 2234 paupe-

433 2250 505 2273 rum
530 2240 718 2274 alimoniam
735 2241 882 2274 modeste
908 2247 1100 2285 quaestuare
1117 2253 1172 2276 ne-

434 2292 510 2325 dum
535 2293 680 2336 possint,
706 2294 762 2326 sed
799 2294 961 2335 debeant,
986 2305 1048 2328 nee
1073 2307 1090 2328 a
1115 2296 1170 2330 tali

434 2346 682 2388 quaestuatione
707 2345 882 2379 desistatur
912 2358 968 2380 seu
986 2349 1168 2389 recedatur,

435 2398 561 2431 etiamsi
587 2398 732 2431 redditus
768 2399 953 2433 huiusmodi
979 2401 1112 2445 hospitii
1138 2413 1172 2435 o-

433 2450 558 2484 mnium
590 2461 772 2494 pauperum
807 2451 1021 2486 invalidorum
1057 2465 1171 2487 manu-

435 2504 571 2538 tentioni
611 2504 829 2545 sufficientes,
869 2505 932 2538 imo
973 2507 1168 2541 excedentes

433 2557 667 2601 quoquomodo
705 2558 970 2601 acquirerentur3
1012 2561 1169 2604 quidquid

433 2610 519 2651 enirn
557 2621 715 2655 unquam,
752 2611 817 2645 Deo
843 2612 948 2653 dante,
982 2612 1169 2647 huiusmodi

250 234 296 260 An.
313 235 342 261 (Ζ.
367 234 433 260 1693

1015 235 1193 259 ΠΗᾸΛΠΙῌΜ
1220 235 1371 259 ΠΟΜᾹΝῙἯ

1957 235 2003 261 Λη.
2025 234 2053 261 C.
2078 234 2142 261 tuoss

1216 283 1454 316 manutentioni
1487 293 1657 326 superesse
1690 282 1882 325 eontigerit,
1916 283 1948 315 in

1217 335 1415 368 dotationem
1439 337 1635 379 puellarum,
1656 335 1786 379 quaein
1809 335 1950 378 hospitio

1217 388 1363 430 praefato
1400 389 1608 422 laudabiliter
1641 388 1868 429 eonvixerint,
1900 399 1951 421 ar-

1216 441 1313 474 bitrio
1338 441 1606 485 Congregationis
1625 443 1789 486 praefatae
1815 453 1950 485 erogan-

1217 493 1291 526 dum
1317 498 1348 526 et
1372 495 1628 527 convertendum
1654 506 1727 528 esse
1752 500 1783 528 et
1803 496 1871 529 sore
1897 496 1950 529 de-

1217 547 1392 578 cernimus.
1421 547 1465 579 Ac
1490 557 1529 579 ne
1555 547 1688 580 eaedem
1722 549 1850 590 puellae
1874 548 1950 581 sub-

1217 597 1374 631 sidiorum
1400 598 1565 640 dotalium,
1591 610 1674 643 quae
1697 611 1713 632 a
1738 600 1951 633 confraterni-

1218 650 1353 691 tatibus,
1386 651 1465 684 loeis
1501 656 1533 685 et
1568 652 1717 695 personis
1753 652 1814 695 piis
1856 652 1951 685 Urbis

1217 703 1381 745 praefatae
1406 703 1570 737 uberrime
1589 704 1826 748 dispensantur,
1853 715 1953 738 rema-

1217 760 1316 789 neant
1340 763 1497 800 expertes,
1523 762 1558 789 ut
1582 757 1654 791 illae
1672 757 1821 790 omnibus
1844 761 1874 792 et
1893 758 1953 791 sin-

1218 809 1301 851 gulis
1326 809 1474 850 indultis,
1500 810 1704 843 facultatibus
1725 816 1757 844 et
1772 810 1952 854 privilegiis

1218 863 1344 905 puellas
1371 863 1506 896 aliorum
1543 863 1869 904 conservatoriorum,
1903 865 1953 897 lo-

1218 926 1329 948 corum
1370 922 1401 949 et
1437 917 1607 950 domorum
1646 917 1771 960 piarum
1809 917 1953 950 eiusdem

1221 967 1313 1001 Urbis
1339 969 1377 1002 ad
1405 969 1590 1002 huiusmodi
1616 969 1759 1002 subsidia
1782 979 1955 1013 assequen-

1218 1022 1257 1054 da
1278 1022 1522 1064 quomodolibet
1542 1022 1796 1063 liabilitantibus,
1815 1022 1952 1066 perinde

1219 1086 1255 1107 ae
1275 1074 1301 1107 si
1326 1075 1404 1118 ipsis
1429 1085 1482 1108 seu
1509 1080 1686 1109 memorato
1706 1075 1849 1119 hospitio
1875 1087 1954 1119 apo—

1217 1127 1332 1160 stolico
1349 1127 1540 1160 nominatim
1558 1138 1713 1161 concessa
1726 1128 1873 1170 tuissent,
1897 1129 1953 1171 uti,

1218 1180 1280 1213 frui
1306 1186 1338 1213 et
1361 1180 1461 1224 potiri
1492 1186 1650 1224 perpetuo
1682 1182 1819 1222 valeant,
1855 1187 1952 1222 motu,

1217 1233 1351 1266 scientia
1369 1238 1400 1266 et
1417 1234 1585 1277 potestatis
1602 1233 1805 1277 plenitudine
1823 1235 1954 1278 paribus

1218 1287 1433 1329 indulgemus.
1452 1287 1489 1319 Et
1502 1287 1715 1321 nihilominus
1727 1288 1855 1321 easdem
1868 1299 1956 1332 prae-

1218 1339 1272 1372 sati
1291 1339 1423 1382 hospitii
1441 1341 1568 1383 puellas
1585 1340 1624 1373 ad
1645 1351 1867 1384 quaecumque
1884 1342 1956 1375 sub-

1217 1392 1300 1425 sidia
1316 1392 1434 1425 dotalia
1460 1392 1555 1425 etiam
1573 1392 1749 1427 nationalia
1767 1393 1954 1435 obtinenda,

1218 1446 1344 1479 tametsi
1381 1445 1414 1478 in
1450 1457 1560 1479 eorum
1586 1446 1727 1490 propriis
1763 1458 1819 1480 seu
1854 1448 1955 1491 parti-

1216 1499 1378 1532 cularibus
1411 1499 1560 1532 domibus
1595 1500 1645 1532 vel
1678 1498 1710 1532 in
1744 1500 1952 1542 regionibus,

1216 1562 1351 1595 quarum
1376 1551 1493 1595 puellis
1519 1552 1706 1586 distributio
1732 1553 1953 1586 subsidiorum

1217 1604 1402 1638 huiusmodi
1433 1605 1596 1648 aliquibus
1629 1606 1677 1638 vel
1703 1605 1840 1648 singulis
1860 1606 1953 1639 annis

1216 1657 1375 1691 destinata
1410 1663 1494 1698 sunt,
1528 1668 1593 1691 non
1629 1658 1789 1697 habitent,
1814 1669 1870 1691 seu
1896 1669 1950 1691 re-

1216 1711 1334 1754 quisita
1358 1711 1407 1744 vel
1433 1722 1469 1744 ex
1495 1710 1710 1753 dispositione
1732 1711 1951 1753 fundatorum,

1215 1764 1478 1803 benefactorum,
1504 1768 1560 1795 aut
1590 1763 1805 1806 largitorum,
1832 1765 1882 1797 vel
1915 1774 1951 1797 ex

1216 1827 1416 1860 quacumque
1452 1816 1548 1850 etiam
1573 1816 1752 1850 inveterata
1784 1823 1954 1851 consuetu-

1215 1871 1301 1910 dine,
1326 1871 1374 1903 vel
1401 1881 1436 1903 ex
1463 1870 1628 1913 quibusvis
1645 1870 1785 1911 statutis,
1805 1872 1856 1904 vel
1875 1882 1953 1905 eon-

1214 1923 1439 1956 stitutionibus
1464 1923 1649 1967 apostolicis
1669 1923 1866 1967 praescripta
1886 1934 1952 1956 non

1215 1976 1366 2017 habeant,
1393 1975 1550 2009 similibus
1574 1981 1675 2016 motu,
1692 1975 1827 2009 scientia
1851 1981 1882 2009 et
1899 1987 1952 2019 po-

1215 2029 1338 2062 testatis
1363 2029 1573 2072 plenitudine,
1601 2028 1696 2061 etiam
1724 2034 1838 2062 tenore
1861 2039 1953 2072 prae-

1214 2082 1362 2122 sentium,
1376 2081 1573 2124 amplissime
1594 2087 1623 2114 et
1641 2081 1840 2124 plenissime,
1860 2092 1953 2124 prae-

1214 2135 1322 2168 missis
1347 2141 1379 2168 et
1401 2134 1472 2168 aliis
1493 2145 1556 2168 non
1582 2134 1797 2175 obstantibus,
1823 2134 1945 2168 habili-

1215 2194 1314 2221 tamus
1340 2192 1371 2220 et
1396 2187 1637 2230 dispensamus.

1256 2240 1338 2284 §2AE
1354 2241 1398 2273 Ae
1410 2240 1552 2283 insuper,
1566 2245 1600 2272 ut
1618 2239 1801 2273 huiusmodi
1817 2240 1949 2284 hospitii
1960 2275 1974 2294 ι,
1989 2248 2144 2280 Duconfrrosa·

1970 2280 2017 2294 ΙΟΙΙΡ
2027 2291 2033 2299 ,
2055 2282 2143 2302 emsqua

1213 2304 1395 2338 pauperum
1427 2293 1645 2326 invalidorum
1674 2298 1850 2337 perpetuae
1876 2301 2097 2348 ⁰0¹¹·sssffifflssnbm
2123 2305 2145 2324 et

1213 2346 1408 2387 servationi,
1441 2346 1526 2379 felici
1557 2345 1734 2389 regimini,
1760 2351 1791 2380 et
1825 2347 1948 2381 salubri
2037 2343 2043 2349 '

1214 2399 1401 2445 progressui
1426 2404 1457 2433 et
1491 2399 1710 2441 incremento,
1735 2400 1849 2434 maiori
1887 2412 1949 2446 qua

1212 2453 1282 2486 fieri
1306 2457 1413 2496 potest
1437 2451 1605 2495 diligentia
1629 2457 1661 2485 et
1685 2452 1883 2494 attentione,
1909 2454 1950 2487 sit

1212 2511 1397 2550 opportune
1422 2506 1617 2545 consultum,
1643 2505 1946 2549 Congregationem,

1212 2559 1329 2605 partim
1354 2570 1391 2593 ex
1424 2559 1587 2592 Romanae
1621 2558 1734 2592 Curiae
1770 2559 1946 2603 praelatis,

1212 2613 1328 2659 partim
1353 2623 1390 2647 ex
1415 2612 1485 2646 aliis
1511 2612 1604 2653 viris,
1630 2612 1780 2646 omnibus
1813 2612 1946 2654 virtute,
