2227 3225
150 260 200 286 Αη.
217 259 247 288 Ο.
267 258 333 286 10θέ

344 306 498 340 fructibus
523 304 763 339 consecutionis
788 314 923 347 capaces
948 303 1080 343 suerint,

344 369 414 392 cam
438 359 472 391 in
496 358 683 391 reddituum
717 363 749 390 et
772 362 992 400 proventuum
1028 367 1080 388 ec-

343 411 600 445 clesiasticorum
620 410 848 444 distributione
869 411 915 443 eis
935 409 1080 442 facienda

342 465 465 497 servari
490 465 634 498 volumus
658 464 929 504 moderationem,
949 468 985 495 ut
1001 473 1081 496 non-

342 517 404 550 nisi
429 517 516 551 iuxta
541 528 654 551 eorum
683 515 796 550 merita
827 522 859 550 et
894 527 960 550 non
994 518 1080 549 ultra

342 580 520 613 congruam
545 570 626 615 pro¹
651 571 770 614 gradus
806 571 857 603 vel
892 569 1079 612 dignitatis,

344 633 441 667 quem
458 626 508 658 vel
527 635 623 668 quam
640 624 673 657 in
696 624 837 658 Ecclesia
861 623 1080 663 obtinuerint,

342 678 433 711 nullo
458 678 499 711 ad
523 678 851 722 consanguinitatem,
877 677 1078 716 affinitatem,

341 741 398 764 seu
424 731 640 765 adlectionem
666 741 744 774 erga
769 730 948 764 Romanum
972 729 1080 762 Ponti-

341 781 436 817 ficem
461 784 573 818 habito
598 788 770 827 respectu,
793 782 1077 823 sustentationem,

343 837 501 871 eiusmodi
527 838 675 872 redditus
706 843 738 871 et
765 842 941 881 proventus
976 837 1080 870 eccle-

342 891 464 925 siastici
490 891 536 924 eis
556 891 801 931 distribtutntur,
822 901 894 935 quo,
920 890 1080 923 custodita

342 944 375 976 in
414 944 565 978 omnibus
609 945 849 978 ecclesiasticae
886 944 1079 987 disciplinae

341 1003 439 1041 atque
463 997 605 1031 iustitiae
631 997 856 1031 distributivae
881 999 1001 1040 regula,
1024 1008 1080 1030 ne-

340 1050 420 1083 mini
445 1050 649 1094 relinquatur
673 1051 893 1094 conquerendi
919 1052 968 1084 vel
994 1051 1080 1084 oblo-

341 1103 463 1146 quendi
488 1104 638 1144 occasio,
671 1104 727 1137 sed
767 1103 989 1137 ecclesiastica
1025 1103 1081 1136 sti-

341 1156 462 1199 pendia
493 1157 755 1189 ministrantibus
788 1157 819 1189 in
853 1157 994 1190 Ecclesia
1024 1157 1079 1189 Dei

341 1212 447 1253 aequa
471 1211 562 1243 lance
587 1220 648 1253 pro
678 1209 931 1253 tmiuscuiusque
964 1211 1079 1243 merito

341 1263 562 1306 assignentur.

185 1328 332 1349 ριιιιιιιιιιιιιιιι
386 1317 401 1360 ξ
426 1317 458 1350 Ιι.
484 1316 593 1356 Quoad
619 1317 692 1351 illos
717 1322 823 1350 autem
850 1328 886 1350 ex
915 1317 1077 1357 nau-ibus,

147 1360 279 1427 §ut'ffl'ka
295 1361 332 1402 ¹1⁰.
342 1370 523 1413 nepotibus,
555 1371 695 1414 aliisque
731 1381 875 1412 conssgtn
874 1370 988 1403 uineis
1020 1382 1076 1404 seu

147 1407 490 1456 ammteimsmuud‘tffinibus
530 1423 622 1457 Rom
617 1434 753 1457 motum
789 1423 981 1457 Pontificum
1018 1435 1078 1467 pio

146 1463 214 1482 “um
341 1481 488 1520 tempore
513 1477 719 1510 existentium
746 1488 796 1520 lm
788 1477 986 1517 ιιριΓιῑοι-,ιιιιι
1014 1478 1077 1511 site

340 1529 445 1569 veris,
472 1528 562 1570 sive,
595 1535 630 1562 ut
654 1530 860 1573 praefertur,
888 1531 1022 1563 adlectis
1048 1536 1079 1564 et

340 1581 480 1623 adscitis,
498 1593 589 1625 quos,
608 1582 735 1615 eximiis
754 1593 866 1616 eorum
887 1583 930 1615 ita
948 1584 1079 1626 exigen-

340 1633 424 1668 tibus
448 1635 583 1675 meritis,
601 1636 641 1668 ad
662 1636 834 1669 sublimem
856 1636 1076 1670 cardinalatus

340 1687 530 1732 dignitatem
555 1688 673 1722 assumi
697 1689 882 1732 contigerit,
905 1700 974 1723 eam
999 1701 1078 1734 quo-

340 1752 401 1786 que
426 1743 465 1776 de
491 1748 601 1776 cetero
626 1743 744 1775 servari
781 1744 928 1776 volumus
965 1744 1078 1778 mode-

339 1795 507 1837 rationem,
521 1801 556 1828 ιιι
576 1795 744 1835 ecclesiae,
761 1795 973 1837 monasteria,
992 1807 1076 1830 eon]-

339 1849 488 1890 mendae,
513 1849 616 1882 aliave
642 1848 780 1881 cuiusvis
805 1848 934 1892 generis
958 1850 1077 1883 beneti-

338 1901 388 1936 cia
412 1908 444 1936 et
467 1902 572 1936 officia
596 1902 814 1936 ecclesiastica
834 1913 870 1936 ac
899 1904 1076 1946 pensiones

338 1966 465 1989 annuae
490 1967 590 2000 super
612 1956 744 1990 illorum
769 1956 928 1990 fructibus
954 1957 1076 1990 unicui-

338 2019 403 2053 que
428 2009 619 2043 eorumdem
643 2009 826 2052 respective
860 2009 1072 2051 conserenda,

337 2063 594 2097 commendanda
618 2069 649 2096 ct
673 2062 896 2104 concedenda,
920 2075 956 2097 ac
973 2075 1075 2098 reser-

337 2117 462 2150 vandae
488 2122 519 2150 et
543 2114 769 2159 assignandae,
797 2127 906 2150 verum
932 2118 1073 2151 valorem

337 2179 481 2202 annuum
521 2168 695 2203 duodecim
730 2169 866 2203 millium
907 2176 1072 2204 scutorum

336 2227 488 2255 monetae
521 2233 693 2263 romanae,
720 2221 915 2266 computatis
941 2223 1072 2257 insimul

335 2274 571 2308 beneficiorum
596 2281 629 2309 et
652 2275 832 2309 officiorum
864 2276 1073 2320 quibuscum-

335 2338 399 2372 que
424 2329 580 2362 fructibus
613 2334 645 2361 et
667 2330 861 2372 pensionum
886 2330 1072 2372 quantitati-

277 2422 284 2427 ·
334 2382 407 2423 biis,
433 2381 466 2414 in
491 2387 594 2415 totum
617 2392 684 2415 non
708 2383 885 2415 excedant:
912 2382 943 2415 in
970 2385 1005 2416 ea
1033 2389 1072 2416 ta-

334 2445 408 2467 men
446 2435 608 2468 taxatione
644 2445 709 2468 non
749 2436 1072 2479 comprehendantm·

334 2489 553 2522 emolumenta
587 2488 770 2522 officiorum
806 2489 951 2522 eiusdem
988 2490 1071 2533 Apo-

333 2541 466 2574 stolicae
485 2541 577 2575 Sedis
595 2548 626 2575 et
643 2542 806 2575 Romanae
821 2543 935 2576 Curiae
953 2543 1067 2576 S.R.E.

333 2595 552 2628 cardinalibus
575 2597 764 2629 demandari
781 2608 836 2629 seu
864 2599 997 2630 concedi
1017 2609 1069 2631 so-

369 2656 379 2682 1
402 2656 551 2690 Praeposit,
570 2666 624 2691 pro
645 2658 760 2684 delenda
781 2658 886 2685 videtur
905 2661 942 2694 (ιι.
964 2660 1013 2693 Τ.).

934 254 1067 279 iNNOCEN
1073 253 1141 277 Ttt's
1167 253 1211 278 XII
1234 253 1280 277 Μ’.

1753 241 1817 275 ιἰ-ἰιῖ

1122 302 1278 342 litorum,
1311 301 1512 345 aliorumque
1553 312 1747 343 munerum,
1776 315 1857 347 quae

1123 354 1201 398 ipsis
1226 364 1291 388 non
1316 355 1355 387 ad
1388 355 1485 387 vitam
1517 356 1567 388 vcl
1593 355 1624 388 in
1649 363 1857 399 perpetuum,

1122 409 1179 441 sed
1204 409 1244 441 ad
1278 414 1405 452 tempus
1436 419 1493 442 seu
1517 409 1761 452 beneplacitum
1797 411 1860 444 no-

1123 461 1210 494 mani
1236 460 1401 495 Pontificis
1425 472 1485 505 pro
1511 467 1661 505 tempore
1691 463 1859 496 existentis

1123 513 1316 547 demandata
1333 525 1390 547 seu
1412 525 1566 548 concessa
1590 515 1722 548 suerint.
1749 516 1860 549 Decla-

1123 572 1244 608 rantes‚
1259 568 1345 610 quod
1360 568 1514 612 deinceps
1531 569 1679 612 praefati,
1693 569 1748 612 qui
1763 570 1861 602 vitam

1123 621 1375 654 ecclesiasticam
1402 622 1583 664 elegerint,
1608 633 1662 655 seu
1688 623 1727 656 ad
1760 623 1860 655 subli-

1123 684 1206 706 mem
1223 674 1438 707 cardinalatus·
1457 675 1648 718 dignitatem
1666 676 1788 709 suerint
1812 687 1861 710 as-

1122 726 1254 769 sumpti,
1270 737 1494 771 quoscumque
1512 728 1622 762 titulos
1639 729 1800 762 fructuum
1816 739 1861 762 re-

1123 779 1361 813 servationibus
1379 786 1535 824 gravatos,
1553 782 1619 815 sivc
1636 784 1860 826 praeventivas

1122 833 1171 865 vel
1193 833 1364 866 eventitias
1389 835 1577 878 pensiones,
1605 836 1689 870 ultra
1712 838 1860 871 modera-

1124 885 1244 920 tionem
1279 892 1315 919 ut
1350 898 1449 932 supra
1483 890 1662 933 respective
1699 892 1861 934 praescri-

1123 946 1226 983 ptam,
1252 942 1440 975 nullatenus
1467 945 1594 987 assequi
1620 946 1758 978 valeant.

1166 994 1181 1037 ξ
1206 994 1237 1027 5.
1263 995 1353 1034 Quod
1375 997 1399 1029 si
1418 997 1526 1030 rot-san
1552 999 1653 1042 (quod
1673 1000 1770 1043 absit)
1791 1011 1859 1034 mo-

1123 1047 1181 1080 dus
1222 1048 1308 1082 circa
1341 1051 1519 1093 praemissa
1557 1052 1603 1084 sic
1638 1060 1860 1097 congruenter

1123 1101 1362 1146 salubriterque
1383 1105 1606 1149 praescriptus
1631 1107 1662 1138 in
1688 1113 1858 1150 posterum

1123 1154 1307 1197 excedatur,
1334 1167 1430 1190 curae
1457 1158 1519 1190 crit
1543 1159 1697 1192 Romanis
1727 1160 1858 1193 Pontifi-

1123 1207 1213 1240 cibus
1237 1210 1490 1250 successoribus,
1518 1212 1712 1246 donationes
1738 1215 1859 1256 gratui-

1123 1266 1178 1301 tas,
1204 1273 1259 1294 seu
1286 1263 1457 1296 lucrativas
1483 1265 1728 1308 dispositiones,
1755 1278 1859 1301 exces-

1121 1315 1202 1347 sivas
1229 1317 1474 1359 subventiones,
1497 1330 1665 1352 munerum
1687 1326 1718 1354 et
1738 1322 1858 1355 officio-

1121 1378 1190 1400 rum
1216 1380 1272 1402 seu
1299 1370 1428 1404 illorum
1450 1373 1687 1415 stipendiorum
1713 1381 1745 1407 ct
1772 1386 1858 1408 emo-

1121 1422 1339 1457 lumentorum
1358 1425 1600 1466 concessiones,
1618 1438 1653 1460 ac
1669 1429 1855 1461 reddituum

1121 1481 1154 1508 et
1177 1482 1390 1519 proventuum
1422 1479 1718 1513 ecclesiasticorum
1752 1482 1857 1514 distrt-

1120 1529 1281 1570 buffones,
1308 1541 1436 1564 necnon
1462 1533 1666 1574 collationes,
1692 1545 1857 1568 commen-

1120 1582 1184 1623 das,
1211 1583 1459 1624 concessiones,
1486 1587 1728 1620 reservationes
1754 1594 1785 1621 ct
1809 1600 1857 1622 as-

1120 1636 1341 1677 signationes,
1367 1637 1496 1680 aliaque
1522 1639 1717 1682 praemissa,
1744 1648 1856 1675 contra

1119 1689 1169 1721 vel
1205 1690 1289 1722 ultra
1320 1690 1449 1722 niodum
1485 1696 1519 1723 ut
1543 1693 1727 1735 praefertur
1764 1706 1856 1738 prae·

1120 1741 1274 1785 scriptum
1299 1743 1397 1777 saetas
1421 1755 1477 1777 scu
1508 1744 1614 1787 sacta,
1649 1747 1854 1790 rescindere,

1119 1806 1272 1829 revocare
1298 1802 1330 1829 et
1355 1797 1386 1829 in
1411 1798 1549 1832 nihilum
1574 1800 1735 1843 redigere,
1761 1813 1798 1835 ac
1822 1808 1856 1835 ut

1118 1849 1301 1891 praefertur
1336 1850 1464 1891 donata,
1495 1853 1653 1894 elargita,
1680 1865 1852 1895 concessa,

1118 1904 1243 1943 collata,
1267 1905 1502 1946 commendata,
1527 1913 1689 1940 reservata
1714 1914 1746 1941 ct
1777 1911 1855 1942 assi-

1118 1962 1212 1998 gnata
1236 1968 1253 1989 a
1278 1958 1530 2001 consanguineis
1552 1965 1583 1992 et
1609 1961 1768 2002 affinibus,
1788 1963 1853 1996 sive

1117 2010 1209 2050 veris,
1236 2010 1302 2043 sive
1321 2011 1457 2044 adlectis
1483 2018 1514 2045 ct
1538 2013 1668 2047 adscitis
1686 2017 1851 2058 prat-satis,

1117 2073 1293 2106 eorumque
1326 2064 1526 2098 haeredibus
1558 2072 1590 2099 ct
1613 2070 1854 2103 successoribus

1116 2116 1308 2159 respective,
1341 2116 1439 2151 ctiam
1467 2129 1563 2151 manu
1588 2120 1677 2163 regia
1702 2128 1734 2155 et
1758 2123 1797 2156 dc
1824 2135 1854 2157 a·

1117 2170 1294 2212 postolicae
1319 2172 1488 2214 potcstatis
1518 2173 1724 2215 plenitudine
1749 2177 1853 2209 vindi-

1115 2234 1190 2256 care
1209 2229 1241 2257 et
1263 2225 1402 2265 auferre,
1424 2236 1460 2258 ac
1478 2225 1630 2260 Gamerae
1648 2228 1850 2272 Apostolieae

1114 2277 1277 2319 applicare
1299 2283 1331 2310 et
1350 2278 1572 2322 incorporare,
1590 2280 1726 2325 aliisque
1746 2293 1852 2326 respe-

1114 2330 1194 2363 ctive
1219 2331 1381 2372 conferre,
1404 2334 1647 2375 commendare,
1668 2336 1850 2370 concedere

1114 2390 1145 2415 et
1170 2385 1348 2427 assignare,
1382 2396 1418 2418 ac
1442 2385 1522 2419 alias
1555 2386 1697 2430 desuper
1731 2400 1851 2433 oppor-

1115 2443 1192 2470 tune
1217 2438 1389 2481 providere
1425 2450 1481 2472 scu
1507 2439 1697 2483 disponere.
1729 2456 1731 2459 ·

1156 2492 1227 2535 §th
1254 2492 1333 2531 Quia
1367 2503 1444 2526 vero
1477 2500 1667 2536 aesrs30t1nt·
1700 2495 1876 2547 RomanQ

1113 2545 1267 2579 Pontifice
1303 2556 1535 2590 nonnunquam
1567 2549 1703 2591 contigit
1739 2555 1773 2582 ut
1806 2561 1889 2605 ιΙ

1112 2608 1164 2639 gall
1158 2604 1266 2631 tttll‘te
1288 2609 1332 2641 OT
1328 2599 1476 2640 tttlsttQttm
1496 2611 1575 2643 qtl‘to
1590 2611 1649 2644 PC]
1665 2612 1843 2634 concessum
1864 2614 1906 2637 *VJ-'s

1112 2650 1177 2683 lieri
1197 2651 1356 2693 dicuntur,
1378 2627 1510 2686 inodtim
1528 2653 1617 2686 illum
1638 2637 1860 2696 ρ’(ρριίι,·ι’ριιι,1

1871 257 1917 280 ΛΠ.
1940 257 1968 281 ιῖ,
1988 257 2052 281 imm

1898 1017 1919 1035 Si
1932 1021 1992 1036 serti<
2004 1017 2053 1042 qnid

1871 1043 1918 1064 stul.
1935 1044 1953 1063 ΙιΙ
1970 1050 2053 1062 ,sitem-s«

1871 1075 1904 1089 sor
1917 1070 2008 1090 tumne-x
2021 1077 2053 1090 re-

1870 1097 1959 1117 sruidat.

1898 2501 1931 2522 Mu
1934 2501 1972 2522 dus
1997 2508 2041 2523 ser-

1887 2530 1938 2548 ιιιιιι
1969 2530 1987 2549 in
2014 2537 2039 2549 si-

1892 2555 1925 2574 ιιιιί
1931 2562 1945 2574 tx
1968 2562 1985 2578 μι
1993 2560 2019 2574 ιι

1866 2587 1894 2600 *Vt*
1926 2588 2004 2601 murm
2008 2590 2025 2601 ιι
2029 2591 2039 2601 ιι

1910 2611 1958 2628 unta
1963 2612 1980 2629 tc
1990 2610 2017 2629 ru

1866 2636 1919 2654 inre.
