2254 3225
223 204 273 231 An.
295 203 322 232 C.
343 202 405 230 t601

274 1995 342 2016 cnut
358 1995 391 2017 lll.

267 2022 297 2042 lh«
321 2024 369 2043 νυῑο
389 2028 423 2043 ca·

240 2050 326 2070 sinatis.

455 194 517 227 ⁶20ss
989 202 1165 226 ermanno-i

1192 200 1343 223 nfiltitNl'll

412 252 616 285 committere
641 256 695 284 aut
719 250 924 292 concedere,
950 251 1006 284 sed
1039 250 1147 283 omnia
1191 250 1240 282 lex
1267 247 1376 281 divina
1393 251 1424 280 et
1449 246 1609 279 interdum
1627 245 1786 286 lmmana·‚
1806 245 1926 279 ideirco

412 305 445 337 in
471 305 652 338 inventario
678 306 783 348 palam
816 304 960 338 scribere
994 308 1026 337 et
1051 302 1150 336 mani-
1191 299 1402 334 solertissime
1427 299 1577 332 studeant.
1600 304 1636 331 ut
1667 299 1785 332 mentis
1812 304 1842 332 et
1861 308 1927 332 cor·

414 359 544 398 sestam,
569 369 610 392 ne
635 358 785 391 iniuriam
812 357 905 391 saciat
937 356 1084 401 partibus
1110 355 1148 388 ad
1192 353 1278 396 poris
1302 353 1476 396 puritatem
1502 352 1698 393 custodiant,
1726 352 1780 397 qui
1806 351 1838 385 in
1861 362 1926 386 uno

415 411 484 443 eius
509 410 660 443 utensilia
685 410 733 442 ius
758 409 955 442 habentibus
981 420 1018 442 ex
1040 407 1151 451 aequi·
1192 405 1328 439 crimine
1355 410 1402 438 tot
1425 410 1534 438 reatus
1558 405 1741 438 inveniunt.

416 469 480 498 tate
505 469 538 497 et
561 464 680 497 iustitia
706 463 755 496 vel
781 473 819 496 ex
854 468 1038 495 nostrarum
1074 467 1172 493 con-l

416 516 622 550 stitutionum
648 516 889 560 dispositione·,
916 514 970 558 qui
1000 524 1077 546 vero
1103 523 1152 545 se-

417 581 473 603 cus
498 570 619 613 egerit,
645 579 680 602 ev
712 579 795 601 nunc
821 566 1075 612 proprietarium
1099 566 1152 598 de-

417 624 586 656 claramus.

464 685 527 708 xvi.
556 675 602 708 Ad
628 675 691 707 hoc
716 679 822 707 autem
855 671 1017 705 universis
1046 670 1154 704 fratri-

417 728 478 761 hus
503 728 542 760 ab
566 725 800 770 aegrotationis
826 724 959 758 exordio
983 734 1073 756 usum
1097 723 1155 756 bo-

419 790 535 814 norum
561 779 707 812 omnium
726 778 786 811 sibi
804 788 820 810 a
837 776 1060 821 superioribus
1083 785 1155 808 con-

420 843 548 866 cessum
572 831 796 864 interdicimus
812 857 819 870 ,
844 829 906 862 nisi
933 829 971 862 ad
1004 839 1041 861 ea
1067 828 1156 860 dum-

421 890 508 918 taxat
544 894 627 928 quae
661 884 699 916 ad
735 882 884 916 morbum
922 880 1155 914 sublevandum

422 938 504 982 ipsis
530 947 612 981 opus
638 935 765 976 suerint,
792 935 834 967 ita
866 934 1029 973 videlicet,
1054 938 1106 973 ut,
1130 932 1155 964 si

423 990 547 1035 aliquid
572 990 720 1023 absolute
740 988 789 1021 vel
810 987 871 1020 sub
888 987 1075 1020 conditione
1093 985 1158 1018 obi-

424 1049 475 1077 tus
501 1043 597 1077 alicui
629 1041 843 1081 donaverint,
877 1046 933 1072 aut
963 1038 1157 1072 valetudinis

423 1096 540 1130 intuitu
565 1095 624 1127 sibi
643 1093 844 1127 reddendum
863 1092 1048 1130 tribuerint,
1076 1090 1158 1123 simi·

424 1150 501 1183 liter
525 1149 728 1181 declaramus
759 1146 791 1178 in
822 1145 1056 1189 proprietatem
1082 1143 1160 1175 inci·

426 1203 522 1235 dere:
560 1200 713 1244 quocirca
746 1199 908 1231 universis
936 1197 1160 1240 superioribus

426 1256 459 1288 in
498 1255 616 1287 virtute
647 1252 786 1296 Spiritus
822 1251 928 1284 Sancti
966 1255 997 1283 et
1031 1254 1160 1282 sanctae

426 1307 631 1341 obedientiae
657 1304 875 1348 praecipimus
914 1314 953 1337 ne
987 1301 1162 1346 praedictis

427 1361 465 1394 ad
492 1361 523 1393 id
548 1359 712 1393 licentiam
737 1358 939 1400 indulgeant.

470 1423 544 1447 xvii.
581 1410 849 1444 procuratoribus
881 1408 1021 1452 denique
1058 1407 1163 1440 cuius-

429 1475 566 1509 cumque
593 1465 708 1497 domus
732 1468 863 1496 nostrae
892 1461 1026 1504 negotia
1049 1470 1164 1503 geren-

430 1519 515 1551 tibus
539 1517 672 1551 omnino
698 1515 918 1560 praecipimus
949 1524 990 1547 ne
1017 1514 1164 1557 aliquan-

430 1572 470 1605 do
495 1572 533 1604 de
559 1569 740 1603 redditibus
758 1573 790 1602 et
807 1567 1066 1611 quibuscumque
1091 1565 1163 1598 aliis

430 1624 525 1658 bonis
565 1634 624 1667 pro
661 1633 718 1655 suo
754 1631 889 1654 munere
925 1620 988 1652 iam
1023 1618 1165 1662 receptis

430 1676 605 1721 quidquam
636 1675 767 1719 penitus
803 1673 887 1716 apud
920 1683 955 1705 se
987 1672 1163 1711 retineant,

430 1730 487 1762 sed
512 1727 749 1772 quamprimum
774 1725 1031 1759 commendatori
1057 1730 1088 1757 et
1112 1724 1166 1757 de-

430 1781 595 1825 positariis
631 1779 843 1813 manifestent
880 1789 916 1811 ac
956 1778 1100 1811 tribuant
1131 1782 1167 1808 ut

432 1834 579 1878 deposito
597 1839 776 1866 conventus
792 1832 961 1870 inseratur,
983 1831 1043 1863 sub
1060 1832 1165 1873 poena

433 1887 589 1931 gravioris
630 1887 743 1929 culpae
783 1885 821 1918 ad
864 1884 1040 1929 superioris
1076 1882 1163 1915 arbi-

434 1940 542 1973 trium.

477 2003 499 2026 1.
526 1992 612 2025 Sicut
636 1991 793 2034 regularis
818 1990 880 2023 vita
916 1994 1105 2034 paupertate
1138 1994 1169 2021 et

434 2045 621 2079 obedientia
657 2043 839 2087 perficitur,
875 2044 919 2076 ita
958 2042 1167 2076 castimoniae

434 2104 508 2132 voto
534 2098 717 2131 decoratur.
744 2096 784 2129 Ut
806 2106 883 2139 ergo
912 2096 1037 2129 discant
1054 2096 1167 2128 fratres

435 2155 587 2195 quantum
605 2160 660 2183 eos
678 2154 786 2182 votum
803 2149 960 2182 castitatis
978 2148 1168 2191 adstringat,

434 2204 514 2237 illud
539 2214 611 2237 esse
635 2204 738 2236 sciant
761 2213 875 2236 novam
896 2202 1069 2246 quamdam
1088 2202 1170 2235 obli-

435 2257 610 2300 gationem,
635 2266 732 2299 quam
764 2256 824 2288 sibi
861 2256 998 2299 quisque
1032 2256 1170 2298 imponit

435 2310 472 2342 ad
499 2319 627 2342 omnem
653 2308 886 2340 continentiam
913 2309 972 2340 sub
999 2319 1097 2341 onere
1118 2319 1192 2343 saw

435 2362 560 2404 erilegii
586 2360 788 2400 servandam,
821 2360 906 2393 unde
933 2361 996 2393 iani
1022 2361 1068 2393 eis
1096 2361 1170 2393 lice-

435 2416 482 2448 bit
520 2423 697 2456 agnoscere
746 2412 874 2456 quantis
915 2413 1049 2446 vinculis
1096 2419 1172 2456 post

437 2474 545 2502 votum
571 2472 746 2500 teneantur
769 2466 809 2499 ad
834 2466 1046 2509 pudicitiam;
1076 2477 1170 2509 quam

439 2522 464 2554 si
491 2525 663 2560 temerent,
690 2530 755 2552 non
780 2529 892 2552 eorum
930 2523 1054 2551 tantum
1088 2519 1172 2551 sran-

439 2575 523 2618 gitur
548 2574 611 2607 Deo
637 2573 719 2607 sacta
752 2571 939 2618 promissio,
978 2571 1032 2605 sed
1074 2572 1170 2604 ctiam

1236 467 1271 491 ιι.
1298 457 1338 490 Ut
1368 463 1477 490 autern
1508 457 1547 490 ab
1572 457 1661 490 omni
1698 467 1731 490 se
1767 457 1927 491 diabolica

1193 509 1305 543 fraude
1329 515 1489 550 tueantur,
1515 510 1683 542 statuimus
1708 509 1741 542 in
1759 509 1875 553 primis
1896 515 1928 544 et

1194 562 1225 595 in
1250 562 1368 596 Christi
1392 562 1572 596 visceribus
1604 563 1777 595 suademus
1814 572 1857 596 ne
1888 563 1928 596 ab

1194 626 1307 649 eorum
1333 616 1436 649 oculis
1461 621 1493 649 et
1517 615 1665 649 manibus
1685 616 1836 649 decidant
1858 627 1930 650 con-

1195 668 1265 701 silia
1290 669 1390 701 saneti
1417 668 1518 712 patris
1543 668 1645 701 nostri
1672 669 1842 712 Augustini
1863 669 1932 713 qui-

1195 721 1255 753 bus
1280 721 1310 753 in
1337 722 1451 764 regula
1474 732 1531 754 eos
1556 721 1732 754 salubriter
1755 722 1795 754 ad
1820 722 1932 756 obser-

1196 774 1334 808 vantiam
1360 775 1492 818 pudoris
1517 774 1666 808 instituit.
1691 773 1824 813 Quando
1845 775 1931 808 enim

1197 826 1230 858 in
1253 826 1301 859 via
1333 827 1536 870 procedunt,
1562 827 1658 860 simul
1686 827 1732 860 eis
1767 827 1932 861 ambulare

1199 880 1431 922 praecipimus,
1458 886 1508 919 et,
1533 891 1605 913 cum
1629 881 1839 924 pervenerint
1869 891 1932 924 quo

1200 933 1346 973 tendunt,
1367 932 1460 966 simul
1478 932 1709 966 inviolabiliter
1726 939 1823 973 stare,
1839 939 1874 966 ut
1891 935 1934 967 al-

1201 990 1248 1018 ter
1271 986 1407 1018 alterum
1426 995 1522 1028 quem
1541 991 1690 1018 vereatur
1711 990 1825 1019 testem
1850 997 1934 1019 sem·

1201 1048 1259 1081 per
1282 1038 1442 1071 habentes
1468 1049 1557 1071 suam
1584 1038 1720 1071 invicem
1744 1039 1934 1084 pudicitiam

1201 1090 1395 1123 custodiant.
1422 1090 1454 1122 ln
1481 1090 1607 1123 incessu
1633 1097 1664 1123 et
1687 1090 1826 1124 statione
1851 1091 1935 1124 nihil

1202 1147 1316 1185 gerant
1339 1143 1423 1186 quod
1458 1143 1615 1186 pudorem
1648 1154 1712 1176 non
1746 1144 1850 1187 sapiat
1882 1149 1937 1177 aut

1203 1206 1315 1229 eorum
1331 1197 1533 1229 sanctitatem
1549 1197 1714 1229 dedeceat.
1726 1196 1842 1230 Oculos
1857 1207 1937 1230 sem-

1203 1259 1262 1292 per
1279 1259 1295 1281 a
1316 1249 1434 1282 saeculi
1454 1249 1649 1282 vanitatibus
1671 1254 1828 1289 avertant,
1846 1254 1878 1282 et
1895 1249 1938 1282 ita

1205 1302 1356 1335 dimissos
1382 1302 1496 1342 serant,
1520 1307 1556 1334 ut
1580 1302 1753 1345 aliquando
1770 1313 1835 1336 non
1860 1303 1940 1336 inci-

1205 1355 1281 1387 dant
1306 1355 1337 1387 in
1363 1354 1489 1387 obiecta
1513 1354 1722 1395 seminarum,
1748 1355 1804 1387 ubi
1829 1355 1940 1398 laque-

1204 1417 1257 1439 um
1294 1406 1477 1448 inveniant,
1514 1416 1593 1450 quas
1629 1407 1688 1439 etsi
1723 1406 1832 1440 videre
1871 1417 1937 1440 non

1205 1460 1454 1504 prohibeantur,
1481 1469 1535 1493 eas
1570 1465 1677 1493 tamen
1709 1465 1863 1504 appetere
1887 1461 1938 1493 vel

1206 1514 1244 1546 ab
1268 1513 1348 1558 ipsis
1373 1513 1481 1557 appeti
1510 1513 1594 1546 velle
1631 1512 1843 1545 criminosum
1878 1517 1937 1545 est.

1206 1567 1274 1600 Non
1308 1567 1418 1600 dicant
1447 1567 1495 1600 vel
1531 1566 1716 1599 existiment
1750 1576 1785 1599 se
1820 1565 1941 1599 habere

1207 1620 1330 1653 animos
1354 1619 1499 1664 pudicos,
1525 1619 1552 1652 si
1576 1618 1721 1652 habeant
1743 1619 1854 1652 oculos
1884 1619 1942 1652 im-

1208 1673 1341 1715 pudicos
1366 1678 1398 1705 et
1421 1672 1524 1705 libere
1540 1672 1761 1715 undequaque
1780 1677 1941 1715 vagantes,

1208 1726 1284 1768 quia
1307 1724 1490 1768 impudicus
1515 1725 1628 1757 oculus
1657 1724 1813 1767 impudici
1836 1724 1943 1757 cordis

1209 1783 1257 1811 est
1281 1777 1438 1817 nuncius·,
1464 1786 1577 1809 eorum
1601 1786 1734 1820 semper
1761 1776 1826 1809 sint
1857 1782 1943 1810 casta

1210 1836 1240 1863 et
1263 1840 1342 1874 pura
1367 1829 1524 1873 alloquia,
1551 1834 1659 1872 gestus
1678 1839 1743 1862 nen
1768 1829 1860 1862 fracti
1882 1839 1944 1862 nec

1210 1883 1321 1924 soluti,
1346 1892 1439 1915 aures
1464 1892 1528 1914 non
1554 1881 1682 1921 otiosis,
1707 1891 1772 1914 non
1799 1881 1946 1915 scurrili-

1211 1937 1278 1976 bus,
1304 1945 1368 1968 non
1394 1934 1577 1968 inhonestis
1611 1934 1763 1974 intentae,
1789 1934 1845 1967 scd
1871 1944 1945 1967 sen·

1211 2000 1265 2022 sus
1290 1994 1321 2022 et
1342 1998 1455 2021 omnes
1481 1997 1592 2020 eorum
1617 1992 1707 2020 aetus
1745 1987 1788 2019 ita
1811 1997 1945 2030 compo-

1211 2042 1271 2082 siti,
1297 2046 1332 2074 ut
1356 2041 1546 2074 interiorem
1572 2039 1669 2072 animi
1696 2039 1868 2082 puritatem
1894 2051 1946 2073 re-

1212 2096 1361 2134 dolcaut;
1398 2093 1589 2126 seminarum
1620 2091 1889 2126 consuetudinem
1915 2098 1946 2126 et

1213 2147 1458 2181 familiaritatem
1483 2145 1618 2178 maxime
1643 2145 1754 2185 vitent,
1772 2155 1831 2178 nee
1851 2146 1946 2178 etiam

1212 2202 1297 2234 inter
1320 2200 1482 2244 piissimas
1513 2198 1608 2231 nimis
1640 2199 1678 2231 de
1711 2209 1744 2231 se
1780 2199 1830 2231 vel
1867 2199 1947 2242 ipsis

1212 2254 1376 2287 credendo
1395 2253 1453 2285 sul)
1471 2252 1602 2295 pietatis
1618 2252 1729 2284 colore
1754 2256 1945 2291 versentur·,

1213 2318 1291 2351 quas
1323 2305 1463 2349 proinde
1489 2309 1638 2336 caventes
1663 2303 1792 2336 nonnisi
1817 2303 1948 2335 rarissi-

1213 2370 1262 2392 me
1294 2358 1502 2401 breviterque
1538 2357 1695 2395 visitent,
1722 2356 1788 2388 imo
1825 2360 1948 2388 tantum

1213 2425 1285 2446 eum
1310 2415 1377 2446 sola
1401 2417 1515 2455 urgeat
1538 2410 1728 2448 necessitas,
1750 2409 1844 2442 aliter
1862 2410 1948 2442 enim

1213 2477 1276 2500 non
1301 2470 1452 2508 reputent
1477 2474 1539 2496 non
1566 2463 1690 2504 decere,
1715 2472 1775 2495 nec
1800 2462 1871 2495 sine
1889 2472 1950 2494 ma-

1214 2530 1277 2562 gno
1303 2517 1489 2551 discrimine
1515 2515 1653 2548 admitti.

1259 2580 1306 2605 ιιι.
1340 2569 1451 2603 Nullus
1492 2569 1590 2602 frater
1625 2568 1760 2613 profana
1799 2567 1948 2608 cantica,

1930 197 1982 226 An.
2004 197 2033 225 C.
2052 197 2114 225 4691
