2227 3225
143 202 195 228 An.
217 201 246 227 C.
266 199 333 227 1690

169 262 325 282 Contrariorum

143 289 261 315 derogatio.

190 1209 252 1230 fides
267 1212 323 1232 tran-

139 1241 276 1263 sumpturum.

379 250 393 293 ἓ
417 248 449 281 4.
476 248 545 280 Non
564 246 766 280 obstantibus
786 245 1073 278 constitutionibus

335 306 366 334 et
390 299 650 334 ordinationibus
675 298 872 342 apostolicis,
891 309 938 336 ac,
963 302 1074 340 quate-

335 363 395 386 nus
415 363 495 395 opus
520 352 570 390 sit,
596 351 669 384 dicti
686 351 825 389 Ordinis,
844 350 978 392 eiusque
999 360 1073 392 pro-

336 405 514 438 vinciarum
551 410 579 436 et
617 409 834 436 conventuum
871 403 1071 446 quorumvis,

333 458 446 490 aliisve
465 457 640 501 quibusvis,
662 456 757 489 etiam
776 457 975 493 iuramento,
999 466 1075 487 con-

332 510 516 543 firmatione
528 508 782 553 apostolica,⁷vel
801 509 909 551 quavis
925 507 1073 540 firmitate

333 563 395 596 alia
412 563 587 603 roboratis,
600 562 728 595 statutis
742 568 772 595 et
783 561 1073 595 consuetudinibus

332 616 513 659 privilegiis
543 626 691 659 qnoque,
720 615 855 648 indultis
893 620 924 647 ct
957 614 1073 647 litteris

333 668 522 711 apostolicis
544 669 574 700 in
600 667 799 700 contrarium
816 667 1071 710 praemissorum

333 721 586 764 quomodolibet
610 720 787 758 concessis,
815 720 1014 753 confirmatis
1044 726 1074 752 et

333 774 514 814 innovatis,
541 774 659 817 quibus
692 773 841 806 omnibus
874 778 905 806 et
927 773 1072 816 singulis,

333 826 465 859 illorum
485 832 615 860 tenores
639 826 864 869 praesentibus
891 837 950 870 pro
977 828 1073 869 plene

334 885 367 912 et
391 880 589 913 sufficienter
620 880 782 924 expressis
814 891 850 913 ac
876 879 914 912 ad
940 881 1072 913 verbum

333 933 465 966 insertis
490 934 661 973 habentes,
688 933 752 966 illis
776 933 855 966 alias
881 933 913 966 in
939 944 997 966 suo
1024 944 1074 966 ro-

332 987 412 1021 bore
437 986 672 1030 permansuris,
693 986 731 1019 ad
757 986 1008 1029 praemissorum
1034 986 1073 1019 es-

333 1039 452 1072 sectum
470 1065 477 1078 ,
503 1039 563 1071 hac
593 1038 660 1071 vice
686 1039 861 1077 dumtaxat,
887 1039 1075 1082 specialiter

334 1096 530 1135 etexpresse
557 1091 767 1133 derogamus,
790 1091 973 1134 ceterisque
997 1101 1075 1124 con-

333 1144 440 1176 trariis
465 1144 734 1187 quibuscumque.

378 1196 392 1239 ἓ
418 1195 471 1228 10.
505 1196 659 1229 Volumus
683 1201 792 1229 autem
826 1202 862 1229 ut
886 1197 1072 1229 earumdem

333 1248 556 1290 praesentium
578 1248 759 1281 litterarum
774 1249 996 1292 transumptis,
1016 1260 1072 1281 seu

332 1301 504 1344 exemplis,
529 1301 626 1334 etiam
652 1302 829 1344 impressis,
852 1313 950 1335 manu
975 1303 1074 1335 alicu-

331 1353 382 1386 ius
403 1354 522 1387 notarii
548 1354 670 1397 publici
695 1354 888 1398 subscriptis
908 1360 940 1387 et
966 1355 1074 1397 sigillo

331 1416 494 1450 personae
519 1405 552 1439 in
579 1406 801 1439 ecclesiastica
825 1407 983 1450 dignitate
1001 1418 1074 1440 eon·

332 1459 464 1492 stitutae
500 1459 652 1499 munitis,
680 1460 795 1492 eadem
826 1471 962 1503 prorsus
993 1460 1073 1494 sides

333 1513 457 1556 ubique
484 1513 632 1546 locorum
669 1517 732 1546 tam
773 1512 805 1545 in
826 1513 944 1546 iudicio
977 1524 1072 1557 quam

335 1570 425 1599 extra
449 1565 530 1599 illud
566 1566 738 1605 habeatur,
769 1576 851 1609 quae
879 1567 958 1610 ipsis
982 1577 1074 1610 prae-

332 1618 478 1652 sentibus
505 1619 683 1652 haberetur
710 1619 738 1652 si
773 1619 882 1652 forent
909 1620 1072 1654 exhibitae

333 1672 382 1705 vel
407 1677 574 1705 ostensae.

377 1725 491 1758 Datum
513 1725 644 1766 Romae,
670 1727 756 1770 apud
777 1726 808 1760 S.
828 1727 961 1760 Mariam
978 1727 1074 1761 Maio-

339 1788 418 1819 rem,
434 1778 494 1811 sub
519 1780 640 1812 annulo
661 1779 848 1820 Piscatoris,
866 1781 918 1813 die
943 1790 962 1813 v
987 1782 1073 1824 apri-

338 1830 379 1864 lis
414 1840 520 1865 Mncxc
536 1857 543 1871 ‚
578 1831 789 1874 pontificatus
810 1833 915 1866 nostri
936 1844 1021 1867 anno
1047 1845 1069 1868 1.

370 1891 431 1921 Dat.
452 1893 497 1921 die
516 1894 534 1923 5
553 1894 647 1930 aprilis
666 1894 744 1928 1690,
765 1895 862 1931 pontif.
884 1904 955 1924 anno
974 1903 992 1924 1.

665 2057 741 2091 xvt.

334 2153 488 2198 Eriqz‘tur
509 2153 666 2198 oppidum
684 2154 722 2188 de
738 2154 896 2196 Nankim,
920 2156 1072 2189 Machao-

379 2207 489 2240 nensis
512 2206 674 2247 dioecesis,
693 2209 730 2241 in
746 2209 922 2249 civilatem,
941 2210 1074 2253 eiusque

380 2260 510 2294 ecclesia
533 2261 570 2294 in
593 2261 825 2302 cathedralem,
850 2266 879 2296 et
903 2262 973 2306 reqi
994 2263 1074 2296 Por-

381 2313 542 2358 tuyallz'ae
566 2315 618 2347 ius
641 2319 838 2358 patronatus
861 2319 891 2349 et
923 2326 1074 2359 praesen-

381 2367 477 2401 tandi
497 2367 711 2402 concedetur&

372 2457 384 2483 ¹
405 2455 508 2485 Similis
527 2457 630 2485 erectio
646 2461 720 2486 extat
737 2457 765 2485 in
785 2457 933 2486 Innocentii
951 2459 989 2486 xl
1009 2466 1073 2486 con-

335 2501 474 2528 stitutione
488 2501 552 2528 edit.
568 2508 711 2531 KDCLxxvn
725 2502 769 2530 die
783 2503 816 2530 29
832 2503 1004 2538 septembris,
1021 2503 1072 2539 (vel

337 2546 470 2579 auyuslil
489 2547 660 2581 pontificatus
674 2555 683 2574 1
697 2547 778 2582 (male
794 2547 838 2574 ed.
855 2547 934 2574 Main.
951 2547 1018 2583 legit.
1032 2551 1071 2582 11);

336 2591 364 2617 et
382 2589 409 2616 in
428 2589 507 2618 huius
526 2591 665 2619 Pontificis
684 2592 874 2620 constitutione
893 2591 1026 2628 sequenti.

928 195 1116 220 ,xttzxtxmitt
1142 192 1197 217 Yttt
1223 195 1271 218 Pr.

1313 244 1479 270 Alexander
1497 244 1574 276 Papa
1595 244 1672 274 vm,

1304 294 1410 314 servus
1434 294 1589 313 servorum
1610 288 1680 317 Dei,

1247 331 1282 357 ad
1298 335 1473 364 perpetuam
1489 331 1534 357 rei
1550 332 1730 358 memoriam.

1161 402 1325 435 Romanus
1350 401 1522 440 Pontisex',
1542 402 1626 434 beati
1646 402 1731 434 Petri
1752 404 1858 436 caele·
1895 417 2035 439 rmnemmm.

1118 455 1176 487 stis
1196 454 1286 498 regni
1305 455 1458 497 clavigeri
1478 465 1646 487 successor
1671 454 1856 498 Christique

1117 508 1275 547 vicarius,
1302 514 1416 541 cuncta
1452 509 1563 541 mundi
1601 508 1730 541 climata
1754 510 1858 542 omni-

1118 572 1236 604 umque
1255 562 1422 594 nationum
1437 561 1468 594 in
1483 562 1549 594 illis
1573 562 1760 604 degentium
1779 573 1858 606 qua-

1118 614 1225 647 litates
1262 614 1463 654 considerat,
1494 626 1531 648 ac
1565 615 1689 648 ratione
1726 615 1859 648 discutit

1119 673 1150 700 et
1180 668 1344 701 examinat
1380 668 1568 711 diligenter.
1596 669 1794 711 Propterea,
1819 680 1856 702 ex

1119 720 1214 752 officii
1237 721 1283 753 sui
1307 721 1418 754 debito
1441 723 1576 754 salutem
1595 721 1740 754 omnium
1759 733 1859 765 quae-

1118 784 1191 805 rens
1219 780 1251 806 et
1274 779 1444 817 appetens,
1462 785 1508 814 ea,
1528 775 1739 808 suadentibus
1761 776 1859 808 mori-

1119 827 1176 858 bus
1202 832 1234 860 et
1260 828 1386 867 causis,
1422 830 1579 871 perpetua
1616 828 1856 862 deliberatione

1119 880 1262 923 disponit
1286 886 1318 913 et
1351 881 1498 920 ordinat,
1533 891 1616 924 quae
1642 881 1768 914 divinae
1795 893 1858 915 ma-

1119 932 1224 965 iestati
1250 939 1340 975 grata
1366 934 1434 967 sore
1461 934 1656 974 considerat,
1683 940 1715 967 et
1740 935 1857 977 quibus

1119 996 1194 1018 ores
1219 997 1295 1019 snae
1329 997 1425 1019 curae
1451 987 1605 1020 divinitus
1637 988 1781 1020 creditae
1817 988 1857 1020 ad

1119 1038 1314 1071 dominicum
1341 1039 1423 1073 ovile
1450 1040 1699 1080 conducantur,
1735 1040 1858 1074 eisdem

1117 1092 1243 1124 scilicet
1267 1097 1419 1125 aeternae
1445 1093 1555 1125 salutis
1584 1093 1730 1136 pollicito
1763 1104 1858 1136 prae-

1117 1144 1193 1177 mio.
1232 1145 1318 1178 Nihil
1352 1146 1450 1188 igitur
1475 1147 1597 1179 certius
1629 1152 1661 1179 et
1693 1147 1856 1190 acceptius

1117 1197 1245 1230 divinae
1270 1198 1431 1231 maiestati
1459 1209 1529 1232 esse
1562 1205 1736 1240 censetur,
1761 1210 1856 1242 quam

1116 1255 1151 1282 ut
1176 1251 1357 1284 catholicae
1382 1251 1456 1285 fidei
1481 1253 1600 1285 veritas
1618 1253 1656 1285 ad
1677 1253 1805 1285 laudem
1824 1258 1865 1290 et,

1117 1303 1255 1344 gloriam
1280 1304 1380 1337 divini
1406 1305 1549 1338 nominis
1574 1306 1606 1338 in
1627 1306 1778 1339 omnibus
1798 1312 1857 1341 ter-

1117 1366 1170 1388 rae
1196 1357 1341 1399 partibus
1366 1358 1521 1400 suscipiat
1546 1359 1759 1392 incrementa.

1162 1410 1176 1453 g
1201 1409 1233 1442 ’1.
1256 1410 1351 1451 Sane,
1374 1421 1445 1444 cum
1467 1411 1650 1445 carissimus
1675 1412 1708 1445 in
1726 1412 1855 1446 Christo
1886 1422 1967 1443 Causae
1978 1423 2048 1445 *nt-1³0

1865 1454 1986 1472 erectwnn.

1117 1462 1200 1497 tilius
1225 1471 1335 1497 noster
1358 1465 1472 1498 Petrus
1504 1466 1721 1509 Portugalliae
1746 1472 1779 1499 et
1803 1468 1856 1500 ΑΙ-

1117 1517 1302 1559 garbiorum
1335 1528 1391 1551 rex
1425 1518 1559 1551 illustris
1596 1519 1793 1562 accepisset,
1822 1520 1855 1552 in

1116 1576 1207 1613 parte
1233 1571 1366 1605 australi
1393 1572 1486 1614 regni
1511 1571 1671 1612 Sinarum,
1699 1575 1798 1616 opera
1824 1579 1856 1606 et

1116 1624 1296 1658 ministerio
1322 1625 1486 1658 variorum
1512 1626 1746 1669 religiosorum
1771 1632 1803 1659 et
1827 1638 1854 1660 a·

1117 1677 1233 1710 tiorum
1258 1678 1409 1711 doctrina
1433 1678 1612 1722 insignium
1633 1685 1664 1712 et
1692 1680 1776 1712 vitae
1799 1691 1855 1723 ap-

1116 1730 1347 1774 probatorum²
1371 1732 1513 1765 virorum
1540 1733 1715 1776 praecipua
1734 1733 1855 1766 sollici-

1116 1785 1228 1818 tudine
1253 1791 1285 1819 et
1307 1786 1470 1820 industria
1494 1787 1724 1825 laborantium,
1746 1787 1854 1820 infini-

1115 1842 1160 1870 tas
1185 1839 1425 1882 propemodum
1451 1845 1577 1882 gentes,
1616 1839 1751 1872 abiectis
1777 1839 1853 1873 inde

1114 1890 1249 1925 Satanae
1272 1892 1414 1925 tenebris
1439 1903 1475 1925 ac
1493 1892 1702 1926 idololatriae
1723 1898 1756 1926 et
1777 1903 1854 1935 gen-

1116 1944 1240 1977 tilitatis
1265 1945 1505 1988 haeresumque
1530 1946 1712 1986 erroribus,
1738 1946 1777 1978 ad
1802 1956 1854 1979 ca-

1116 1998 1270 2030 tholicam
1294 1997 1413 2031 Christi
1438 1997 1536 2031 fidem
1566 2005 1599 2032 et
1628 2003 1757 2032 sanctae
1787 2009 1854 2031 ma-

1115 2050 1172 2083 tris
1196 2050 1360 2084 Ecclesiae
1393 2051 1554 2094 gremium
1585 2051 1854 2085 amabilissimum

1114 2114 1288 2136 conversas
1326 2104 1482 2147 reperiri,
1520 2105 1632 2148 eisque
1672 2104 1852 2138 rationibus

1098 2153 1230 2199 *religio
1262 2156 1442 2190 christiana
1474 2157 1506 2190 in
1542 2157 1608 2190 illis
1645 2157 1791 2201 partibus
1822 2162 1854 2190 et

1116 2209 1278 2243 dioecesi3
1302 2210 1461 2243 ecclesiae
1484 2210 1733 2244 Machaonensis
1753 2211 1852 2254 <quae

1115 2263 1155 2296 de
1191 2263 1453 2306 iurepatronatus
1482 2274 1598 2307 regum
1633 2264 1852 2307 Portugalliae

1116 2327 1153 2349 ex
1172 2316 1370 2359 fundatione,
1396 2318 1446 2351 vel
1472 2317 1653 2358 dotatione,
1674 2327 1730 2351 seu
1755 2317 1854 2361 privi-

1151 2415 1162 2441 1
1185 2413 1282 2441 Confer
1301 2417 1366 2441 tom.
1387 2419 1444 2447 xix,
1464 2421 1527 2449 pag.
1543 2413 1570 2449 5,
1588 2413 1614 2447 7,
1631 2413 1673 2447 12,
1689 2414 1723 2442 57
1741 2414 1782 2449 (n.
1802 2414 1853 2449 τ.).

1149 2458 1166 2485 2
1185 2459 1279 2486 Potius
1298 2458 1356 2494 lege
1375 2459 1450 2486 vitae
1466 2459 1621 2494 probatae,
1642 2462 1722 2494 prout
1741 2459 1768 2486 in
1787 2459 1853 2487 locis

1115 2503 1210 2539 parali.
1231 2506 1296 2531 tom.
1318 2510 1378 2537 xm,
1399 2512 1460 2539 pag.
1476 2504 1493 2530 5
1509 2503 1534 2536 b,
1550 2504 1566 2531 8
1582 2504 1606 2537 b,
1625 2508 1651 2530 et
1668 2504 1699 2531 13
1715 2512 1733 2530 a
1747 2508 1783 2536 (a.
1800 2503 1849 2537 r).

1150 2548 1166 2576 3
1179 2547 1333 2576 Formulam
1348 2551 1399 2577 etc.
1414 2548 1570 2584 importune
1585 2548 1713 2576 iniectam
1727 2548 1849 2577 delemur

1115 2595 1153 2627 (a.
1174 2592 1224 2628 T.).

1778 184 1821 218 53
1866 194 1914 219 An.
1938 192 1965 220 c.
1984 193 2050 220 icoo
