2227 3225
122 246 170 270 Αιι.
192 243 221 270 ss.
243 243 310 271 1693

194 672 306 693 Decretum

123 699 237 720 definitor-ii
259 705 306 726 pro·

124 732 207 746 wncffle
252 731 307 746 auno

122 758 198 772 unt-xer
209 753 243 774 dio
254 758 273 773 ir
285 759 308 773 u-

123 779 212 801 eroum.

888 239 1098 265 INNOCENTiUs
1122 240 1168 264 ΧΠ
1191 240 1239 264 ΡΡ,

638 291 729 323 Lxx.

316 362 558 404 Confirmanlw·
593 361 718 393 ‹letreta
750 370 847 403 super
881 359 1055 392 collatione

359 415 555 448 lecturorum
584 415 772 457 provinciae
797 413 955 447 castellae
980 414 1052 455 sra-

362 472 448 501 trum
465 468 688 501 Eremitarum
706 467 812 499 sancii
835 466 1019 509 Auyustz'ni
1031 465 1052 498 ¹.

496 548 691 576 Innocentius
711 548 790 581 Papa
808 547 860 573 XII
872 568 879 579 ‚

457 594 494 621 ad
515 593 649 620 futuram
669 592 714 620 rei
734 592 918 619 memoriam.

362 665 377 709 ἓ
396 664 427 698 1.
446 664 571 708 Exponi
590 663 684 697 nobis
702 673 807 706 nuper
828 662 904 696 feeit
921 662 1056 695 dilectus

319 717 405 751 silius
433 717 619 760 Alplionsus
646 715 856 758 DomingueZ,
884 716 983 748 frater
1007 726 1058 747 ex-

317 780 431 814 presse
447 770 612 813 professus
625 768 753 802 Ordinis
768 768 976 801 eremitarum
990 777 1058 799 san-

317 823 360 856 cti
387 822 557 865 Augustini
591 833 626 855 ae
658 827 850 865 procurator
874 821 1057 865 provinciae

317 876 476 910 Castellae
491 876 566 909 dieti
581 875 722 915 Ordinis,
739 875 826 918 quod
845 874 951 915 alias²‚
972 885 1058 907 nem-

317 940 358 973 pe
376 930 428 962 die
444 939 474 963 1v
492 929 635 963 octobris
648 938 778 969 nocxci,
794 934 869 961 tunc
886 927 1058 961 existentes

318 982 409 1026 prior
433 982 595 1025 generalis
613 987 645 1015 et
665 981 886 1015 definitorium
911 981 1056 1015 eiusdem

318 1035 516 1078 provinciae,
541 1035 571 1067 in
599 1034 739 1078 capitulo
765 1034 957 1068 intermedio
983 1044 1058 1067 con-

320 1088 444 1130 gregati
465 1099 525 1131 pro
555 1089 641 1121 recta
662 1087 842 1120 studiorum
864 1087 966 1130 ipsius
984 1097 1058 1130 pro-

319 1141 445 1174 vinciae
471 1141 696 1184 dispositione,
712 1140 888 1180 decretum,
910 1150 974 1183 quo
993 1150 1059 1173 ino-

320 1194 380 1227 dus
397 1194 587 1227 conserendi
606 1195 746 1227 lecturas
764 1193 909 1227 eiusdem
926 1193 1060 1236 proxin-

318 1247 386 1281 ciae
403 1248 647 1291 praescribitur,
664 1247 849 1287 ediderunt,
868 1246 989 1281 tenoris
1004 1246 1056 1290 qui

318 1301 477 1344 sequitur,
504 1300 671 1334 videlicet:
703 1299 956 1333 «Desinitorium
982 1310 1059 1343 pro-

321 1353 445 1387 vinciae
482 1353 640 1386 Castellae
679 1353 779 1385 sancti
816 1353 917 1396 patris
954 1352 1058 1385 nostri

319 1406 487 1448 Augustini
507 1406 538 1438 in
555 1406 693 1449 capitulo
712 1405 720 1437 i
737 1406 906 1438 ‚termedie
921 1417 1058 1448 congre·
1078 1399 1079 1404 ¹

319 1464 428 1501 gatum
454 1458 504 1491 die
530 1468 558 1491 iv
584 1458 704 1490 mensis
731 1457 874 1490 octobris
896 1468 981 1490 anno
999 1457 1057 1491 Do-

319 1511 397 1544 mini
416 1521 546 1551 nocxcr,
567 1522 640 1544 cum
661 1516 784 1544 mature
804 1511 1061 1544 consideraverit

320 1570 475 1608 quantum
491 1564 619 1598 intersit
636 1564 821 1607 provinciae
841 1569 927 1597 recta
942 1564 1061 1597 studio—

319 1628 392 1650 rum
418 1617 595 1660 dispositio,
615 1623 647 1650 et
672 1618 760 1660 quod
786 1618 927 1651 lecturae
952 1618 1061 1651 conse-

320 1677 435 1703 rantur
458 1670 685 1710 benemeritis,
708 1670 855 1703 decernit
879 1682 992 1704 omnes
1018 1672 1061 1704 le-

320 1727 426 1756 cturas
451 1723 567 1755 artium
594 1723 689 1755 liuius
722 1729 850 1756 nostrae
875 1723 1060 1767 provinciae

322 1775 466 1808 conferri
499 1776 618 1809 debere
652 1776 782 1818 publico
816 1776 1061 1819 oppositionum

1072 289 1075 348 l
1095 288 1280 330 legendum,
1299 287 1380 320 itaut
1404 288 1569 331 antiquior
1593 288 1725 332 incipiat
1749 289 1834 322 dicta

1096 341 1175 373 seria
1196 341 1358 382 secunda;
1385 346 1417 373 et
1452 342 1538 383 leget
1574 341 1719 383 quotidie
1751 352 1833 374 unus

1095 398 1150 425 aut
1175 393 1261 434 duo,
1290 393 1315 425 si
1341 393 1487 436 patribus
1513 393 1672 426 iudicibus
1698 404 1834 426 coneur-

1096 447 1150 479 sns
1165 447 1248 479 bene
1263 445 1379 479 visuin¹
1396 447 1500 488 suerit,
1511 447 1681 490 assignatis
1694 446 1832 490 punctis,

1097 499 1128 531 in
1155 500 1342 540 Aristotele,
1364 500 1447 533 sicut
1470 511 1540 533 mos
1564 506 1614 533 est
1635 501 1668 532 in
1686 500 1835 533 examini-

1075 527 1078 591 !
1098 553 1157 585 bus
1178 552 1307 593 artium,
1322 553 1421 596 eliget
1444 563 1552 593 unum,
1570 563 1667 596 supra
1683 552 1770 596 quod
1788 552 1835 584 in-

1100 611 1145 637 tra
1170 606 1311 649 spatium
1335 605 1591 650 vigintiquatuor
1612 606 1766 639 horarum
1792 606 1836 638 le-

1098 659 1239 692 ctionem
1265 660 1361 693 unius
1392 660 1492 693 borae
1517 660 1698 703 completae
1723 660 1756 692 in
1781 669 1836 702 gy-

1099 712 1222 746 mnasio
1248 713 1433 756 theologico
1450 713 1553 747 nostri
1578 713 1707 755 collegii
1732 712 1837 746 Matri-

1100 764 1197 797 tensis
1212 765 1359 799 dominae
1381 765 1497 799 Mariae
1516 767 1555 799 de
1574 767 1702 808 Aragon
1728 775 1837 798 coram

1100 818 1257 859 omnibus,
1276 819 1359 852 sieut
1383 818 1419 851 tit
1444 819 1475 852 in
1500 819 1761 862 oppositionibus
1785 828 1838 851 ea-

1099 871 1295 904 thedralium
1311 872 1566 913 universitatum,
1585 878 1616 906 et
1633 877 1706 916 post
1725 872 1838 905 lectio-

1099 934 1171 957 nem
1196 930 1309 966 arguet
1333 936 1415 958 unus
1442 936 1479 958 ex
1505 925 1761 969 opposssoribus,
1782 925 1837 968 qui

1098 977 1281 1011 immediate
1308 979 1435 1021 legerit,
1454 984 1484 1012 et
1505 985 1619 1012 contra
1636 979 1775 1022 primum
1798 979 1838 1011 le-

1098 1036 1227 1073 gentem
1261 1037 1374 1074 arguat
1405 1032 1537 1065 ultimus
1566 1032 1597 1065 in
1622 1032 1835 1075 antiquitate;

1099 1090 1213 1126 postea
1249 1091 1387 1127 arguent
1421 1086 1517 1118 ambo
1553 1090 1661 1128 patres
1687 1090 1836 1127 regentes

1099 1136 1172 1170 dicti
1199 1137 1337 1180 collegii,
1363 1143 1405 1177 et,
1429 1138 1455 1170 si
1481 1138 1626 1178 libuerit,
1653 1138 1769 1181 aliquis
1800 1149 1836 1171 ex

1099 1190 1243 1232 patribus
1275 1190 1438 1223 iudicibus
1472 1192 1668 1232 concursus,
1701 1191 1781 1223 itaut
1806 1191 1837 1223 in

1078 1216 1264 1339 'arguendo
1289 1244 1392 1276 altera
1417 1249 1625 1277 consumatur
1645 1245 1744 1284 hora3
1768 1243 1839 1277 sini-

1101 1296 1138 1328 tis
1153 1301 1259 1330 antem
1276 1297 1548 1340 oppositionibus,
1566 1297 1678 1330 ultima
1697 1297 1746 1330 die
1765 1308 1840 1330 con-

1099 1348 1228 1381 venient
1241 1355 1352 1392 patres
1365 1349 1499 1388 iudices,
1511 1355 1541 1382 et
1551 1350 1728 1382 secundum
1741 1350 1838 1382 Deum

1100 1406 1132 1433 et
1155 1411 1267 1434 sanam
1297 1402 1529 1435 conscientiam
1562 1402 1626 1435 suis
1658 1402 1838 1445 suffragiis,

1078 1451 1267 1506 ,schedulis
1303 1455 1483 1499 inscriptis,
1509 1456 1722 1488 declarabunt
1757 1456 1842 1499 quis-

1079 1508 1174 1550 Jnam
1192 1519 1229 1541 ex
1255 1509 1504 1552 oppositoribus
1529 1509 1589 1542 sibi
1615 1509 1716 1552 magis
1741 1510 1842 1542 bene-

1104 1561 1256 1594 meritus'
1273 1561 1427 1602 videatur,
1442 1567 1472 1594 et
1487 1562 1542 1605 qui
1557 1572 1614 1605 per
1626 1563 1719 1605 plura
1733 1561 1842 1595 suffra—

1103 1613 1153 1656 gia
1178 1614 1301 1657 primus
1325 1615 1524 1658 reperietur,
1555 1615 1598 1647 ita
1622 1614 1842 1658 publicabitur

1081 1679 1082 1682 ¹
1103 1673 1136 1700 et
1159 1668 1321 1701 scribetur
1344 1673 1380 1701 ut
1404 1668 1499 1709 talis·,
1527 1674 1559 1701 ct
1583 1668 1778 1712 procedetur
1802 1668 1841 1700 ad

1081 1690 1085 1762 i
1103 1721 1293 1762 secundum,
1313 1726 1345 1754 et
1362 1721 1400 1754 ad
1421 1721 1561 1761 tertium,
1581 1726 1613 1754 et
1634 1722 1672 1754 ad
1694 1727 1839 1762 ceteros,

1082 1779 1135 1828 {et
1159 1774 1184 1807 si
1210 1774 1383 1817 eontigerit
1414 1774 1494 1807 duos
1528 1786 1564 1807 ex
1594 1774 1840 1818 oppositoribus

1724 232 1788 265 565
1834 239 1883 267 An.
1904 239 1933 265 C.
1959 240 2024 266 14:215

322 1837 495 1868 concursu,
515 1827 579 1861 hoe
596 1828 708 1861 ordine
731 1828 894 1862 faciendo.
914 1829 1063 1872 Assigna-
1104 1827 1254 1870 aequalia
1277 1826 1430 1870 suffragia
1453 1827 1574 1868 sortiri,
1592 1828 1686 1860 ambo
1711 1828 1743 1860 in
1770 1827 1841 1871 ipso

323 1885 374 1912 tur
400 1879 470 1913 dies
495 1879 557 1913 fixa
575 1886 606 1913 et
626 1886 715 1914 certa
732 1881 770 1913 ad
789 1881 991 1924 incipiendas
1012 1893 1065 1925 op·
1083 1863 1084 1895 i
1105 1880 1207 1922 gradu
1225 1880 1409 1913 scribantur
1426 1880 1458 1913 in
1480 1880 1573 1921 libro,
1595 1891 1690 1924 quem
1712 1882 1842 1914 manda-

325 1933 506 1976 positiones
528 1933 607 1966 serit]
625 1934 766 1966 secunda
782 1939 855 1977 post
872 1934 1064 1967 dominicam
1083 1915 1085 1941 l
1105 1943 1175 1966 mus
1200 1933 1357 1966 asservari
1376 1944 1505 1976 semper
1522 1934 1560 1966 ad
1586 1934 1674 1966 bunc
1692 1933 1840 1967 effectum

326 1986 474 2030 quintam
495 1991 569 2030 post
588 1986 710 2019 Pascha
729 1987 961 2030 cuiuscumque
979 1987 1063 2029 anni,
1084 1978 1086 2038 ἶ
1105 1987 1138 2018 in
1163 1986 1310 2019 archivio
1336 1986 1412 2019 dieti
1446 1986 1575 2029 collegii
1602 1986 1750 2020 dominae
1778 1986 1842 2020 Ma-

324 2044 356 2071 et
381 2038 494 2071 habita
524 2039 655 2072 licentia
689 2040 858 2073 reverendi
890 2040 1063 2074 admodum
1085 2042 1086 2084 j
1106 2039 1171 2072 riae
1197 2039 1236 2072 de
1259 2039 1404 2081 Aragon,
1435 2039 1466 2072 in
1493 2050 1557 2082 quo
1583 2039 1718 2081 singulis
1748 2040 1841 2073 annis

323 2091 425 2135 patris
451 2091 661 2135 provincialis
680 2103 739 2135 pro
759 2098 902 2136 tempore
928 2093 1065 2126 existen·
1085 2088 1087 2115 1'
1106 2092 1267 2125 scribetur
1285 2092 1445 2135 oppositio
1465 2092 1555 2132 sacta,
1575 2092 1791 2135 oppositores‚
1811 2098 1843 2126 et

326 2144 366 2176 tis
392 2144 500 2188 (quae
525 2145 586 2177 nisi
612 2145 661 2185 iis,
688 2145 742 2188 qui
767 2156 828 2189 per
852 2151 992 2189 quatuor
1017 2146 1064 2179 in-
1084 2133 1086 2184 i
1108 2145 1136 2178 in
1157 2157 1219 2189 quo
1245 2146 1344 2188 gradu
1362 2150 1394 2178 et
1410 2145 1524 2178 ordine
1548 2145 1617 2188 quis
1643 2146 1842 2189 approbatus

326 2201 433 2240 tcgros
457 2207 561 2230 annos
587 2198 786 2240 theologiam
812 2199 982 2240 audierint,
999 2210 1063 2232 non
1107 2199 1217 2239 tuerit:
1238 2198 1324 2241 quod
1344 2202 1444 2231 totum
1469 2198 1689 2231 subscribetur
1707 2209 1724 2231 a
1744 2198 1843 2242 patri-

325 2256 374 2283 est
399 2251 634 2294 concedenda),
652 2252 786 2284 venient
805 2251 963 2285 Matritum
990 2263 1063 2295 pro·
1108 2254 1163 2285 bus
1189 2253 1349 2285 iudicibus
1374 2253 1552 2284 concursus
1573 2252 1655 2284 infra
1672 2252 1842 2295 designan-

325 2304 488 2344 movendi,
520 2304 685 2338 afferendo
710 2315 818 2338 seeum
846 2306 1063 2339 testimonium
1084 2298 1086 2319 ¹
1106 2305 1166 2338 dis,
1194 2305 1229 2337 lit
1251 2305 1345 2348 copia
1370 2305 1474 2337 dictae
1499 2304 1714 2347 oppositionis
1740 2310 1772 2337 et
1795 2315 1842 2338 re-

326 2367 404 2390 suae
418 2358 643 2401 professionis;
661 2364 691 2392 ct
709 2359 773 2391 illis
790 2360 966 2392 secundum
984 2359 1065 2403 ipso·
1084 2341 1087 2406 i
1105 2360 1179 2401 gula
1203 2358 1386 2401 subscripta
1410 2357 1519 2401 utique
1541 2369 1558 2390 a
1579 2357 1670 2390 dietis
1696 2359 1841 2401 patribus

326 2421 398 2444 rum
423 2411 649 2455 antiquitatem
682 2412 900 2455 assignabitur
932 2413 999 2446 dics
1025 2414 1063 2446 ad
1084 2411 1086 2453 i
1106 2413 1286 2446 remittetur
1324 2412 1505 2444 reverendo
1543 2411 1717 2444 admodum
1757 2412 1841 2455 patri

1105 2465 1297 2509 provinciali
1321 2475 1381 2509 pro
1408 2469 1552 2508 tempore
1578 2464 1749 2505 existenti,
1772 2465 1839 2508 qui,

363 2501 374 2525 i
399 2499 435 2525 De
458 2507 571 2527 numero
592 2500 779 2534 magistrorum
795 2500 849 2527 vid.
872 2502 978 2528 constit.
999 2502 1062 2529 edit.
1106 2519 1165 2552 SUI]
1190 2518 1304 2562 poeni<
1329 2529 1346 2551 a
1371 2517 1643 2551 reverendissimo
1667 2524 1758 2562 patre
1787 2528 1842 2560 ge,

327 2550 446 2575 nomen,
467 2544 512 2570 die
531 2545 564 2571 28
586 2544 759 2579 septembris,
780 2545 874 2580 pontit.
896 2552 931 2579 113
953 2549 979 2572 et
1002 2547 1063 2573 Cle-

328 2588 425 2614 mentis
435 2587 466 2613 xl
478 2591 562 2614 ronst.
576 2588 620 2614 ed.
632 2595 731 2619 noccx,
742 2589 785 2615 die
794 2590 828 2615 210
841 2589 913 2621 maii,
929 2590 1024 2624 pontif.
1036 2598 1063 2617 x.

364 2633 382 2658 9.
401 2631 472 2658 Edit.
491 2632 569 2659 Muiu.
587 2633 650 2668 legit
665 2634 720 2661 alii
736 2643 783 2669 pro
800 2635 874 2662 alias
889 2641 927 2670 (tt.
944 2637 991 2671 T.).

1142 2592 1153 2616 1
1177 2589 1247 2616 Edit.
1271 2589 1350 2615 Main.
1373 2589 1438 2623 legit
1458 2589 1526 2615 bene
1545 2590 1621 2616 risus
1639 2591 1679 2621 (n.
1703 2589 1752 2618 T.).

1141 2635 1157 2661 ⁶2
1178 2635 1246 2661 Edit.
1270 2634 1351 2661 Maio.
1374 2635 1438 2669 legit
1458 2635 1639 2662 benemeritis
1655 2638 1692 2668 (ιι,
1709 2635 1759 2667 Τ,).
