<?xml version="1.0" encoding="UTF-8"?>
<!DOCTYPE html PUBLIC "-//W3C//DTD XHTML 1.0 Transitional//EN"
    "http://www.w3.org/TR/xhtml1/DTD/xhtml1-transitional.dtd">
<html xmlns="http://www.w3.org/1999/xhtml" xml:lang="en" lang="en">
 <head>
  <title>
</title>
<meta http-equiv="Content-Type" content="text/html;charset=utf-8" />
  <meta name='ocr-system' content='tesseract 3.04.00' />
  <meta name='ocr-capabilities' content='ocr_page ocr_carea ocr_par ocr_line ocrx_word'/>
</head>
<body>
  <div class='ocr_page' id='page_1' title='image "./bullarumdiplomat20cath_0559.png"; bbox 0 0 2227 3225; ppageno 0'>
   <div class='ocr_carea' id='block_1_1' title="bbox 106 244 289 273">
    <p class='ocr_par' dir='ltr' id='par_1_1' title="bbox 106 244 289 273">
     <span class='ocr_line' id='line_1_1' title="bbox 106 244 289 273; baseline 0 0"><span class='ocrx_word' id='word_1_1' title='bbox 106 244 155 273; x_wconf 71' lang='lat' dir='ltr'>An.</span> <span class='ocrx_word' id='word_1_2' title='bbox 171 244 202 273; x_wconf 85' lang='lat' dir='ltr'>C.</span> <span class='ocrx_word' id='word_1_3' title='bbox 223 245 289 273; x_wconf 69' lang='lat'>¹692</span> 
     </span>
    </p>
   </div>
   <div class='ocr_carea' id='block_1_2' title="bbox 873 247 1080 271">
    <p class='ocr_par' dir='ltr' id='par_1_2' title="bbox 873 247 1080 271">
     <span class='ocr_line' id='line_1_2' title="bbox 873 247 1080 271; baseline 0 0"><span class='ocrx_word' id='word_1_4' title='bbox 873 247 1080 271; x_wconf 67' lang='lat' dir='ltr'>tNNOCENTtus</span> 
     </span>
    </p>
   </div>
   <div class='ocr_carea' id='block_1_3' title="bbox 301 294 1044 915">
    <p class='ocr_par' dir='ltr' id='par_1_3' title="bbox 301 294 1044 915">
     <span class='ocr_line' id='line_1_3' title="bbox 302 294 1036 337; baseline 0.001 -10"><span class='ocrx_word' id='word_1_5' title='bbox 302 304 371 328; x_wconf 87' lang='lat' dir='ltr'>rum</span> <span class='ocrx_word' id='word_1_6' title='bbox 397 294 593 337; x_wconf 81' lang='lat' dir='ltr'>regularium</span> <span class='ocrx_word' id='word_1_7' title='bbox 621 294 821 335; x_wconf 80' lang='lat' dir='ltr'>huiusmodi,</span> <span class='ocrx_word' id='word_1_8' title='bbox 842 295 950 328; x_wconf 90' lang='lat' dir='ltr'>dilecti</span> <span class='ocrx_word' id='word_1_9' title='bbox 981 295 1036 329; x_wconf 80' lang='lat' dir='ltr'>tilii</span> 
     </span>
     <span class='ocr_line' id='line_1_4' title="bbox 301 347 1037 391; baseline 0.001 -12"><span class='ocrx_word' id='word_1_10' title='bbox 301 347 484 390; x_wconf 75' lang='lat' dir='ltr'>superiores</span> <span class='ocrx_word' id='word_1_11' title='bbox 504 348 690 380; x_wconf 78' lang='lat' dir='ltr'>carumdem</span> <span class='ocrx_word' id='word_1_12' title='bbox 711 348 961 391; x_wconf 82' lang='lat' dir='ltr'>provinciarum,</span> <span class='ocrx_word' id='word_1_13' title='bbox 980 358 1037 380; x_wconf 88' lang='lat' dir='ltr'>seu</span> 
     </span>
     <span class='ocr_line' id='line_1_5' title="bbox 302 399 1039 443; baseline 0.001 -12"><span class='ocrx_word' id='word_1_14' title='bbox 302 399 353 432; x_wconf 90' lang='lat' dir='ltr'>alii</span> <span class='ocrx_word' id='word_1_15' title='bbox 379 400 417 432; x_wconf 87' lang='lat' dir='ltr'>ad</span> <span class='ocrx_word' id='word_1_16' title='bbox 443 410 523 443; x_wconf 88' lang='lat' dir='ltr'>qnos</span> <span class='ocrx_word' id='word_1_17' title='bbox 555 406 686 443; x_wconf 79' lang='lat' dir='ltr'>spectat,</span> <span class='ocrx_word' id='word_1_18' title='bbox 704 400 844 434; x_wconf 82' lang='lat' dir='ltr'>debitam</span> <span class='ocrx_word' id='word_1_19' title='bbox 869 400 1039 433; x_wconf 84' lang='lat' dir='ltr'>subiectio-</span> 
     </span>
     <span class='ocr_line' id='line_1_6' title="bbox 301 453 1037 496; baseline 0.001 -12"><span class='ocrx_word' id='word_1_20' title='bbox 301 462 374 484; x_wconf 87' lang='lat' dir='ltr'>nem</span> <span class='ocrx_word' id='word_1_21' title='bbox 400 458 431 485; x_wconf 86' lang='lat' dir='ltr'>ct</span> <span class='ocrx_word' id='word_1_22' title='bbox 467 453 686 486; x_wconf 70' lang='lat' dir='ltr'>obedientiam</span> <span class='ocrx_word' id='word_1_23' title='bbox 722 453 809 486; x_wconf 84' lang='lat' dir='ltr'>iuxta</span> <span class='ocrx_word' id='word_1_24' title='bbox 844 453 1037 496; x_wconf 81' lang='lat' dir='ltr'>apostolicas</span> 
     </span>
     <span class='ocr_line' id='line_1_7' title="bbox 303 504 1039 540; baseline 0.001 -3"><span class='ocrx_word' id='word_1_25' title='bbox 303 511 334 537; x_wconf 87' lang='lat' dir='ltr'>et</span> <span class='ocrx_word' id='word_1_26' title='bbox 357 504 483 538; x_wconf 77' lang='lat' dir='ltr'>Ordinis</span> <span class='ocrx_word' id='word_1_27' title='bbox 508 506 693 540; x_wconf 86' lang='lat' dir='ltr'>huiusmodi</span> <span class='ocrx_word' id='word_1_28' title='bbox 718 505 968 539; x_wconf 71' lang='lat' dir='ltr'><strong>constitutiones</strong></span> <span class='ocrx_word' id='word_1_29' title='bbox 995 505 1039 538; x_wconf 88' lang='lat' dir='ltr'>ei-</span> 
     </span>
     <span class='ocr_line' id='line_1_8' title="bbox 303 559 1038 602; baseline 0 -11"><span class='ocrx_word' id='word_1_30' title='bbox 303 559 373 591; x_wconf 88' lang='lat' dir='ltr'>dem</span> <span class='ocrx_word' id='word_1_31' title='bbox 414 560 572 592; x_wconf 82' lang='lat' dir='ltr'>moderno</span> <span class='ocrx_word' id='word_1_32' title='bbox 617 559 753 602; x_wconf 74' lang='lat' dir='ltr'>eiusque</span> <span class='ocrx_word' id='word_1_33' title='bbox 797 570 854 602; x_wconf 83' lang='lat' dir='ltr'>pro</span> <span class='ocrx_word' id='word_1_34' title='bbox 893 564 1038 601; x_wconf 89' lang='lat' dir='ltr'>tempore</span> 
     </span>
     <span class='ocr_line' id='line_1_9' title="bbox 303 612 1041 655; baseline -0.001 -10"><span class='ocrx_word' id='word_1_35' title='bbox 303 613 544 646; x_wconf 84' lang='lat' dir='ltr'>successoribus</span> <span class='ocrx_word' id='word_1_36' title='bbox 581 612 735 645; x_wconf 77' lang='lat' dir='ltr'>ministris</span> <span class='ocrx_word' id='word_1_37' title='bbox 761 612 967 655; x_wconf 71' lang='lat' dir='ltr'>generalibus</span> <span class='ocrx_word' id='word_1_38' title='bbox 990 623 1041 644; x_wconf 81' lang='lat' dir='ltr'>ca-</span> 
     </span>
     <span class='ocr_line' id='line_1_10' title="bbox 303 665 1040 709; baseline 0 -12"><span class='ocrx_word' id='word_1_39' title='bbox 303 666 417 698; x_wconf 76' lang='lat' dir='ltr'>nonice</span> <span class='ocrx_word' id='word_1_40' title='bbox 442 665 603 708; x_wconf 77' lang='lat' dir='ltr'>eligendis</span> <span class='ocrx_word' id='word_1_41' title='bbox 629 676 646 698; x_wconf 91' lang='lat' dir='ltr'>a</span> <span class='ocrx_word' id='word_1_42' title='bbox 661 665 855 709; x_wconf 88' lang='lat' dir='ltr'>supradictis</span> <span class='ocrx_word' id='word_1_43' title='bbox 876 675 1040 709; x_wconf 81' lang='lat' dir='ltr'>exponen-</span> 
     </span>
     <span class='ocr_line' id='line_1_11' title="bbox 304 718 1042 763; baseline 0 -13"><span class='ocrx_word' id='word_1_44' title='bbox 304 718 387 751; x_wconf 75' lang='lat' dir='ltr'>tibus</span> <span class='ocrx_word' id='word_1_45' title='bbox 412 719 606 763; x_wconf 83' lang='lat' dir='ltr'>praestitam,</span> <span class='ocrx_word' id='word_1_46' title='bbox 629 730 665 751; x_wconf 90' lang='lat' dir='ltr'>ac</span> <span class='ocrx_word' id='word_1_47' title='bbox 689 719 942 753; x_wconf 78' lang='lat' dir='ltr'>declarationem</span> <span class='ocrx_word' id='word_1_48' title='bbox 960 718 1042 751; x_wconf 87' lang='lat' dir='ltr'>circa</span> 
     </span>
     <span class='ocr_line' id='line_1_12' title="bbox 305 771 1042 815; baseline 0 -12"><span class='ocrx_word' id='word_1_49' title='bbox 305 772 450 814; x_wconf 71' lang='lat' dir='ltr'>proxime</span> <span class='ocrx_word' id='word_1_50' title='bbox 469 772 678 815; x_wconf 77' lang='lat' dir='ltr'>praeteritum</span> <span class='ocrx_word' id='word_1_51' title='bbox 696 772 870 815; x_wconf 88' lang='lat' dir='ltr'>capitulum</span> <span class='ocrx_word' id='word_1_52' title='bbox 891 771 1042 814; x_wconf 80' lang='lat' dir='ltr'>generale</span> 
     </span>
     <span class='ocr_line' id='line_1_13' title="bbox 305 823 1042 867; baseline -0.003 -10"><span class='ocrx_word' id='word_1_53' title='bbox 305 825 503 866; x_wconf 83' lang='lat' dir='ltr'>praedictum</span> <span class='ocrx_word' id='word_1_54' title='bbox 530 826 567 857; x_wconf 90' lang='lat' dir='ltr'>ab</span> <span class='ocrx_word' id='word_1_55' title='bbox 590 825 635 857; x_wconf 85' lang='lat' dir='ltr'>cis</span> <span class='ocrx_word' id='word_1_56' title='bbox 661 825 773 857; x_wconf 85' lang='lat' dir='ltr'>saetam</span> <span class='ocrx_word' id='word_1_57' title='bbox 800 829 833 856; x_wconf 88' lang='lat' dir='ltr'>ut</span> <span class='ocrx_word' id='word_1_58' title='bbox 854 823 1042 867; x_wconf 73' lang='lat' dir='ltr'>praefertur,</span> 
     </span>
     <span class='ocr_line' id='line_1_14' title="bbox 305 876 1044 915; baseline -0.001 -6"><span class='ocrx_word' id='word_1_59' title='bbox 305 877 437 910; x_wconf 82' lang='lat' dir='ltr'>realiter</span> <span class='ocrx_word' id='word_1_60' title='bbox 461 882 488 910; x_wconf 86' lang='lat' dir='ltr'>ct</span> <span class='ocrx_word' id='word_1_61' title='bbox 518 888 588 909; x_wconf 88' lang='lat' dir='ltr'>cum</span> <span class='ocrx_word' id='word_1_62' title='bbox 614 876 729 910; x_wconf 77' lang='lat' dir='ltr'>ess&#39;ectn</span> <span class='ocrx_word' id='word_1_63' title='bbox 763 876 933 915; x_wconf 70' lang='lat' dir='ltr'>ratificare,</span> <span class='ocrx_word' id='word_1_64' title='bbox 969 886 1044 909; x_wconf 86' lang='lat' dir='ltr'>nec-</span> 
     </span>
    </p>
   </div>
   <div class='ocr_carea' id='block_1_4' title="bbox 304 928 1066 963">
    <p class='ocr_par' dir='ltr' id='par_1_4' title="bbox 304 928 1066 963">
     <span class='ocr_line' id='line_1_15' title="bbox 304 928 1066 963; baseline -0.004 -1"><span class='ocrx_word' id='word_1_65' title='bbox 304 939 370 962; x_wconf 85' lang='lat' dir='ltr'>non</span> <span class='ocrx_word' id='word_1_66' title='bbox 395 930 427 962; x_wconf 88' lang='lat' dir='ltr'>in</span> <span class='ocrx_word' id='word_1_67' title='bbox 453 929 651 963; x_wconf 73' lang='lat' dir='ltr'>subiectione</span> <span class='ocrx_word' id='word_1_68' title='bbox 677 935 709 962; x_wconf 92' lang='lat' dir='ltr'>et</span> <span class='ocrx_word' id='word_1_69' title='bbox 728 929 914 962; x_wconf 75' lang='lat' dir='ltr'>obedientia</span> <span class='ocrx_word' id='word_1_70' title='bbox 934 928 1043 961; x_wconf 81' lang='lat' dir='ltr'>huius-</span> <span class='ocrx_word' id='word_1_71' title='bbox 1064 940 1066 960; x_wconf 50' lang='grc' dir='ltr'>ξ</span> 
     </span>
    </p>
   </div>
   <div class='ocr_carea' id='block_1_5' title="bbox 305 982 1051 2285">
    <p class='ocr_par' dir='ltr' id='par_1_5' title="bbox 305 982 1050 2075">
     <span class='ocr_line' id='line_1_16' title="bbox 305 982 1043 1026; baseline -0.003 -11"><span class='ocrx_word' id='word_1_72' title='bbox 305 982 390 1015; x_wconf 87' lang='lat' dir='ltr'>modi</span> <span class='ocrx_word' id='word_1_73' title='bbox 427 983 552 1015; x_wconf 86' lang='lat' dir='ltr'>sincere</span> <span class='ocrx_word' id='word_1_74' title='bbox 579 983 610 1015; x_wconf 91' lang='lat' dir='ltr'>in</span> <span class='ocrx_word' id='word_1_75' title='bbox 637 987 803 1026; x_wconf 88' lang='lat' dir='ltr'>posterum</span> <span class='ocrx_word' id='word_1_76' title='bbox 840 991 1043 1025; x_wconf 82' lang='lat' dir='ltr'>permanere,</span> 
     </span>
     <span class='ocr_line' id='line_1_17' title="bbox 306 1034 1042 1078; baseline -0.001 -11"><span class='ocrx_word' id='word_1_77' title='bbox 306 1035 590 1078; x_wconf 80' lang='lat' dir='ltr'>praesentiumque</span> <span class='ocrx_word' id='word_1_78' title='bbox 623 1035 801 1068; x_wconf 87' lang='lat' dir='ltr'>litterarum</span> <span class='ocrx_word' id='word_1_79' title='bbox 838 1034 1042 1078; x_wconf 75' lang='lat' dir='ltr'>dispositioni</span> 
     </span>
     <span class='ocr_line' id='line_1_18' title="bbox 306 1087 1044 1131; baseline -0.001 -11"><span class='ocrx_word' id='word_1_80' title='bbox 306 1087 338 1120; x_wconf 90' lang='lat' dir='ltr'>in</span> <span class='ocrx_word' id='word_1_81' title='bbox 365 1087 513 1120; x_wconf 77' lang='lat' dir='ltr'>omnibns</span> <span class='ocrx_word' id='word_1_82' title='bbox 551 1093 582 1120; x_wconf 75' lang='lat' dir='ltr'>et,</span> <span class='ocrx_word' id='word_1_83' title='bbox 617 1098 675 1131; x_wconf 89' lang='lat' dir='ltr'>per</span> <span class='ocrx_word' id='word_1_84' title='bbox 709 1087 816 1121; x_wconf 91' lang='lat' dir='ltr'>omnia</span> <span class='ocrx_word' id='word_1_85' title='bbox 841 1087 1044 1130; x_wconf 75' lang='lat' dir='ltr'>acquiescere</span> 
     </span>
     <span class='ocr_line' id='line_1_19' title="bbox 308 1140 1045 1183; baseline -0.001 -11"><span class='ocrx_word' id='word_1_86' title='bbox 308 1140 441 1173; x_wconf 86' lang='lat' dir='ltr'>omnino</span> <span class='ocrx_word' id='word_1_87' title='bbox 458 1146 646 1179; x_wconf 83' lang='lat' dir='ltr'>tencantur·,</span> <span class='ocrx_word' id='word_1_88' title='bbox 662 1140 783 1183; x_wconf 76' lang='lat' dir='ltr'>alioqui</span> <span class='ocrx_word' id='word_1_89' title='bbox 802 1140 933 1173; x_wconf 79' lang='lat' dir='ltr'>eaedem</span> <span class='ocrx_word' id='word_1_90' title='bbox 952 1150 1045 1182; x_wconf 86' lang='lat' dir='ltr'>prae-</span> 
     </span>
     <span class='ocr_line' id='line_1_20' title="bbox 308 1192 1046 1235; baseline -0.001 -10"><span class='ocrx_word' id='word_1_91' title='bbox 308 1199 415 1226; x_wconf 82' lang='lat' dir='ltr'>sentes</span> <span class='ocrx_word' id='word_1_92' title='bbox 441 1194 546 1226; x_wconf 79' lang='lat' dir='ltr'>nullae</span> <span class='ocrx_word' id='word_1_93' title='bbox 573 1193 636 1225; x_wconf 89' lang='lat' dir='ltr'>sint</span> <span class='ocrx_word' id='word_1_94' title='bbox 659 1203 698 1226; x_wconf 88' lang='lat' dir='ltr'>eo</span> <span class='ocrx_word' id='word_1_95' title='bbox 725 1193 807 1235; x_wconf 88' lang='lat' dir='ltr'>ipso.</span> <span class='ocrx_word' id='word_1_96' title='bbox 835 1192 969 1235; x_wconf 84' lang='lat' dir='ltr'>Insuper</span> <span class='ocrx_word' id='word_1_97' title='bbox 994 1202 1046 1224; x_wconf 78' lang='lat' dir='ltr'>ro-</span> 
     </span>
     <span class='ocr_line' id='line_1_21' title="bbox 308 1244 1044 1290; baseline -0.004 -11"><span class='ocrx_word' id='word_1_98' title='bbox 308 1247 411 1280; x_wconf 85' lang='lat' dir='ltr'>lumus</span> <span class='ocrx_word' id='word_1_99' title='bbox 444 1251 477 1279; x_wconf 84' lang='lat' dir='ltr'>nt</span> <span class='ocrx_word' id='word_1_100' title='bbox 501 1256 660 1290; x_wconf 73' lang='lat' dir='ltr'>personae</span> <span class='ocrx_word' id='word_1_101' title='bbox 682 1245 895 1289; x_wconf 78' lang='lat' dir='ltr'>supradictae,</span> <span class='ocrx_word' id='word_1_102' title='bbox 921 1244 946 1277; x_wconf 86' lang='lat' dir='ltr'>si</span> <span class='ocrx_word' id='word_1_103' title='bbox 972 1246 1044 1287; x_wconf 74' lang='lat' dir='ltr'>qna,</span> 
     </span>
     <span class='ocr_line' id='line_1_22' title="bbox 309 1295 1046 1344; baseline -0.003 -13"><span class='ocrx_word' id='word_1_104' title='bbox 309 1306 441 1344; x_wconf 82' lang='lat' dir='ltr'>propter</span> <span class='ocrx_word' id='word_1_105' title='bbox 472 1299 658 1342; x_wconf 84' lang='lat' dir='ltr'>praemissa,</span> <span class='ocrx_word' id='word_1_106' title='bbox 685 1295 886 1331; x_wconf 80' lang='lat' dir='ltr'>absolutione</span> <span class='ocrx_word' id='word_1_107' title='bbox 920 1297 951 1329; x_wconf 93' lang='lat' dir='ltr'>in</span> <span class='ocrx_word' id='word_1_108' title='bbox 978 1298 1046 1330; x_wconf 81' lang='lat' dir='ltr'>soro</span> 
     </span>
     <span class='ocr_line' id='line_1_23' title="bbox 309 1350 1044 1394; baseline -0.005 -8"><span class='ocrx_word' id='word_1_109' title='bbox 309 1352 524 1386; x_wconf 76' lang='lat' dir='ltr'>conscientiae</span> <span class='ocrx_word' id='word_1_110' title='bbox 564 1351 749 1394; x_wconf 77' lang='lat' dir='ltr'>indigeant,</span> <span class='ocrx_word' id='word_1_111' title='bbox 791 1350 1044 1393; x_wconf 85' lang='lat' dir='ltr'>poenitentiam,</span> 
     </span>
     <span class='ocr_line' id='line_1_24' title="bbox 310 1404 1048 1448; baseline -0.005 -10"><span class='ocrx_word' id='word_1_112' title='bbox 310 1416 404 1448; x_wconf 83' lang='lat' dir='ltr'>quam</span> <span class='ocrx_word' id='word_1_113' title='bbox 430 1405 475 1438; x_wconf 90' lang='lat' dir='ltr'>eis</span> <span class='ocrx_word' id='word_1_114' title='bbox 500 1404 652 1437; x_wconf 77' lang='lat' dir='ltr'>sacerdos</span> <span class='ocrx_word' id='word_1_115' title='bbox 678 1404 814 1436; x_wconf 87' lang='lat' dir='ltr'>idoneus</span> <span class='ocrx_word' id='word_1_116' title='bbox 841 1408 973 1447; x_wconf 84' lang='lat' dir='ltr'>propter</span> <span class='ocrx_word' id='word_1_117' title='bbox 998 1413 1048 1435; x_wconf 87' lang='lat' dir='ltr'>ca-</span> 
     </span>
     <span class='ocr_line' id='line_1_25' title="bbox 310 1456 1046 1501; baseline -0.007 -9"><span class='ocrx_word' id='word_1_118' title='bbox 310 1459 382 1492; x_wconf 84' lang='lat' dir='ltr'>dem</span> <span class='ocrx_word' id='word_1_119' title='bbox 416 1458 591 1501; x_wconf 75' lang='lat' dir='ltr'>praemissa</span> <span class='ocrx_word' id='word_1_120' title='bbox 626 1458 804 1501; x_wconf 79' lang='lat' dir='ltr'>respective</span> <span class='ocrx_word' id='word_1_121' title='bbox 841 1456 1046 1500; x_wconf 88' lang='lat' dir='ltr'>imposuerit,</span> 
     </span>
     <span class='ocr_line' id='line_1_26' title="bbox 310 1510 1048 1554; baseline -0.004 -9"><span class='ocrx_word' id='word_1_122' title='bbox 310 1511 441 1545; x_wconf 90' lang='lat' dir='ltr'>omnino</span> <span class='ocrx_word' id='word_1_123' title='bbox 462 1511 669 1554; x_wconf 71' lang='lat' dir='ltr'>adimpleant,</span> <span class='ocrx_word' id='word_1_124' title='bbox 689 1510 829 1553; x_wconf 77' lang='lat' dir='ltr'>alioquin</span> <span class='ocrx_word' id='word_1_125' title='bbox 851 1510 939 1553; x_wconf 82' lang='lat' dir='ltr'>ipsae</span> <span class='ocrx_word' id='word_1_126' title='bbox 956 1520 1048 1552; x_wconf 84' lang='lat' dir='ltr'>prae-</span> 
     </span>
     <span class='ocr_line' id='line_1_27' title="bbox 310 1563 1048 1609; baseline -0.004 -11"><span class='ocrx_word' id='word_1_127' title='bbox 310 1571 417 1599; x_wconf 80' lang='lat' dir='ltr'>sentes</span> <span class='ocrx_word' id='word_1_128' title='bbox 442 1565 498 1604; x_wconf 85' lang='lat' dir='ltr'>cis,</span> <span class='ocrx_word' id='word_1_129' title='bbox 524 1565 632 1609; x_wconf 86' lang='lat' dir='ltr'>quoad</span> <span class='ocrx_word' id='word_1_130' title='bbox 657 1565 896 1598; x_wconf 86' lang='lat' dir='ltr'>absolutionem</span> <span class='ocrx_word' id='word_1_131' title='bbox 921 1563 953 1596; x_wconf 90' lang='lat' dir='ltr'>in</span> <span class='ocrx_word' id='word_1_132' title='bbox 979 1563 1048 1596; x_wconf 89' lang='lat' dir='ltr'>soro</span> 
     </span>
     <span class='ocr_line' id='line_1_28' title="bbox 311 1615 1049 1657; baseline -0.004 -6"><span class='ocrx_word' id='word_1_133' title='bbox 311 1618 526 1652; x_wconf 86' lang='lat' dir='ltr'>conscientiae</span> <span class='ocrx_word' id='word_1_134' title='bbox 554 1618 751 1657; x_wconf 85' lang='lat' dir='ltr'>huiusmodi,</span> <span class='ocrx_word' id='word_1_135' title='bbox 779 1617 911 1650; x_wconf 85' lang='lat' dir='ltr'>minime</span> <span class='ocrx_word' id='word_1_136' title='bbox 937 1615 1049 1649; x_wconf 79' lang='lat' dir='ltr'>suffra·</span> 
     </span>
     <span class='ocr_line' id='line_1_29' title="bbox 311 1669 1047 1714; baseline -0.003 -11"><span class='ocrx_word' id='word_1_137' title='bbox 311 1676 449 1714; x_wconf 77' lang='lat' dir='ltr'>gentur,</span> <span class='ocrx_word' id='word_1_138' title='bbox 476 1676 576 1714; x_wconf 87' lang='lat' dir='ltr'>utque</span> <span class='ocrx_word' id='word_1_139' title='bbox 610 1671 796 1703; x_wconf 84' lang='lat' dir='ltr'>earumdem</span> <span class='ocrx_word' id='word_1_140' title='bbox 828 1669 1047 1713; x_wconf 84' lang='lat' dir='ltr'>praesentium</span> 
     </span>
     <span class='ocr_line' id='line_1_30' title="bbox 311 1722 1047 1766; baseline -0.003 -10"><span class='ocrx_word' id='word_1_141' title='bbox 311 1724 491 1757; x_wconf 88' lang='lat' dir='ltr'>litterarum</span> <span class='ocrx_word' id='word_1_142' title='bbox 516 1722 747 1766; x_wconf 74' lang='lat' dir='ltr'>transumptis,</span> <span class='ocrx_word' id='word_1_143' title='bbox 774 1733 831 1755; x_wconf 86' lang='lat' dir='ltr'>seu</span> <span class='ocrx_word' id='word_1_144' title='bbox 867 1722 1022 1766; x_wconf 81' lang='lat' dir='ltr'>exemplis</span> <span class='ocrx_word' id='word_1_145' title='bbox 1039 1749 1047 1763; x_wconf 91' lang='lat'>‚</span> 
     </span>
     <span class='ocr_line' id='line_1_31' title="bbox 312 1775 1049 1819; baseline -0.003 -10"><span class='ocrx_word' id='word_1_146' title='bbox 312 1776 408 1809; x_wconf 84' lang='lat' dir='ltr'>etiam</span> <span class='ocrx_word' id='word_1_147' title='bbox 434 1776 622 1819; x_wconf 82' lang='lat' dir='ltr'>impressis,</span> <span class='ocrx_word' id='word_1_148' title='bbox 650 1786 746 1809; x_wconf 86' lang='lat' dir='ltr'>manu</span> <span class='ocrx_word' id='word_1_149' title='bbox 771 1776 908 1808; x_wconf 84' lang='lat' dir='ltr'>alicuius</span> <span class='ocrx_word' id='word_1_150' title='bbox 932 1775 1049 1808; x_wconf 86' lang='lat' dir='ltr'>notarii</span> 
     </span>
     <span class='ocr_line' id='line_1_32' title="bbox 311 1828 1048 1873; baseline -0.001 -11"><span class='ocrx_word' id='word_1_151' title='bbox 311 1829 431 1873; x_wconf 88' lang='lat' dir='ltr'>publici</span> <span class='ocrx_word' id='word_1_152' title='bbox 464 1828 667 1872; x_wconf 83' lang='lat' dir='ltr'>subscriptis,</span> <span class='ocrx_word' id='word_1_153' title='bbox 693 1833 725 1861; x_wconf 85' lang='lat' dir='ltr'>ct</span> <span class='ocrx_word' id='word_1_154' title='bbox 749 1828 855 1871; x_wconf 65' lang='lat' dir='ltr'>sigillo</span> <span class='ocrx_word' id='word_1_155' title='bbox 888 1839 1048 1871; x_wconf 79' lang='lat' dir='ltr'>personae</span> 
     </span>
     <span class='ocr_line' id='line_1_33' title="bbox 311 1881 1050 1924; baseline -0.003 -9"><span class='ocrx_word' id='word_1_156' title='bbox 311 1882 344 1915; x_wconf 87' lang='lat' dir='ltr'>in</span> <span class='ocrx_word' id='word_1_157' title='bbox 364 1882 579 1915; x_wconf 77' lang='lat' dir='ltr'>ecclesiastica</span> <span class='ocrx_word' id='word_1_158' title='bbox 597 1881 752 1924; x_wconf 80' lang='lat' dir='ltr'>dignitate</span> <span class='ocrx_word' id='word_1_159' title='bbox 770 1881 966 1914; x_wconf 79' lang='lat' dir='ltr'>constitutae</span> <span class='ocrx_word' id='word_1_160' title='bbox 984 1892 1050 1914; x_wconf 88' lang='lat' dir='ltr'>mu-</span> 
     </span>
     <span class='ocr_line' id='line_1_34' title="bbox 313 1934 1049 1978; baseline -0.001 -10"><span class='ocrx_word' id='word_1_161' title='bbox 313 1936 398 1975; x_wconf 86' lang='lat' dir='ltr'>nitis,</span> <span class='ocrx_word' id='word_1_162' title='bbox 414 1935 525 1969; x_wconf 86' lang='lat' dir='ltr'>eadem</span> <span class='ocrx_word' id='word_1_163' title='bbox 543 1945 676 1978; x_wconf 85' lang='lat' dir='ltr'>prorsus</span> <span class='ocrx_word' id='word_1_164' title='bbox 692 1934 771 1967; x_wconf 77' lang='lat' dir='ltr'>tides</span> <span class='ocrx_word' id='word_1_165' title='bbox 786 1935 952 1974; x_wconf 80' lang='lat' dir='ltr'>habeatur,</span> <span class='ocrx_word' id='word_1_166' title='bbox 968 1946 1049 1978; x_wconf 86' lang='lat' dir='ltr'>quae</span> 
     </span>
     <span class='ocr_line' id='line_1_35' title="bbox 312 1987 1050 2031; baseline 0 -10"><span class='ocrx_word' id='word_1_167' title='bbox 312 1989 489 2021; x_wconf 83' lang='lat' dir='ltr'>haberetur</span> <span class='ocrx_word' id='word_1_168' title='bbox 513 1987 590 2031; x_wconf 85' lang='lat' dir='ltr'>ipsis</span> <span class='ocrx_word' id='word_1_169' title='bbox 625 1988 851 2031; x_wconf 78' lang='lat' dir='ltr'>praesentilnis</span> <span class='ocrx_word' id='word_1_170' title='bbox 888 1988 914 2021; x_wconf 90' lang='lat' dir='ltr'>si</span> <span class='ocrx_word' id='word_1_171' title='bbox 947 1989 1050 2021; x_wconf 80' lang='lat' dir='ltr'>forent</span> 
     </span>
     <span class='ocr_line' id='line_1_36' title="bbox 313 2041 743 2075; baseline -0.002 -1"><span class='ocrx_word' id='word_1_172' title='bbox 313 2041 476 2075; x_wconf 63' lang='lat' dir='ltr'>calamiae</span> <span class='ocrx_word' id='word_1_173' title='bbox 503 2042 552 2073; x_wconf 74' lang='lat' dir='ltr'>rel</span> <span class='ocrx_word' id='word_1_174' title='bbox 578 2046 743 2073; x_wconf 83' lang='lat' dir='ltr'>ostensae.</span> 
     </span>
    </p>

    <p class='ocr_par' dir='ltr' id='par_1_6' title="bbox 313 2092 1051 2285">
     <span class='ocr_line' id='line_1_37' title="bbox 356 2092 1050 2136; baseline -0.001 -10"><span class='ocrx_word' id='word_1_175' title='bbox 356 2094 468 2127; x_wconf 86' lang='lat' dir='ltr'>Datum</span> <span class='ocrx_word' id='word_1_176' title='bbox 494 2093 626 2133; x_wconf 77' lang='lat' dir='ltr'>Romae,</span> <span class='ocrx_word' id='word_1_177' title='bbox 650 2093 733 2136; x_wconf 77' lang='lat' dir='ltr'>apud</span> <span class='ocrx_word' id='word_1_178' title='bbox 757 2092 788 2126; x_wconf 81' lang='lat' dir='ltr'>S.</span> <span class='ocrx_word' id='word_1_179' title='bbox 808 2093 938 2126; x_wconf 80' lang='lat' dir='ltr'>Mariam</span> <span class='ocrx_word' id='word_1_180' title='bbox 957 2093 1050 2126; x_wconf 79' lang='lat' dir='ltr'>Maio-</span> 
     </span>
     <span class='ocr_line' id='line_1_38' title="bbox 313 2146 1050 2187; baseline -0.001 -7"><span class='ocrx_word' id='word_1_181' title='bbox 313 2157 391 2187; x_wconf 89' lang='lat' dir='ltr'>rem,</span> <span class='ocrx_word' id='word_1_182' title='bbox 415 2147 472 2179; x_wconf 88' lang='lat' dir='ltr'>sub</span> <span class='ocrx_word' id='word_1_183' title='bbox 498 2147 619 2179; x_wconf 73' lang='lat' dir='ltr'>annulo</span> <span class='ocrx_word' id='word_1_184' title='bbox 644 2146 830 2185; x_wconf 81' lang='lat' dir='ltr'>Piscatoris,</span> <span class='ocrx_word' id='word_1_185' title='bbox 862 2146 912 2179; x_wconf 87' lang='lat' dir='ltr'>die</span> <span class='ocrx_word' id='word_1_186' title='bbox 939 2157 969 2179; x_wconf 78' lang='lat' dir='ltr'>lx</span> <span class='ocrx_word' id='word_1_187' title='bbox 994 2147 1050 2179; x_wconf 90' lang='lat' dir='ltr'>de-</span> 
     </span>
     <span class='ocr_line' id='line_1_39' title="bbox 314 2199 1051 2242; baseline 0 -10"><span class='ocrx_word' id='word_1_188' title='bbox 314 2199 453 2232; x_wconf 83' lang='lat' dir='ltr'>cembris</span> <span class='ocrx_word' id='word_1_189' title='bbox 477 2208 622 2237; x_wconf 71' lang='lat' dir='ltr'>itincxcu,</span> <span class='ocrx_word' id='word_1_190' title='bbox 638 2199 843 2242; x_wconf 76' lang='lat' dir='ltr'>pontificatus</span> <span class='ocrx_word' id='word_1_191' title='bbox 870 2199 972 2232; x_wconf 87' lang='lat' dir='ltr'>nostri</span> <span class='ocrx_word' id='word_1_192' title='bbox 998 2210 1051 2232; x_wconf 85' lang='lat' dir='ltr'>an-</span> 
     </span>
     <span class='ocr_line' id='line_1_40' title="bbox 314 2262 414 2285; baseline 0 0"><span class='ocrx_word' id='word_1_193' title='bbox 314 2262 355 2285; x_wconf 89' lang='lat' dir='ltr'>no</span> <span class='ocrx_word' id='word_1_194' title='bbox 381 2263 414 2285; x_wconf 78' lang='grc' dir='ltr'>ιι.</span> 
     </span>
    </p>
   </div>
   <div class='ocr_carea' id='block_1_6' title="bbox 348 2313 1018 2350">
    <p class='ocr_par' dir='ltr' id='par_1_7' title="bbox 348 2313 1018 2350">
     <span class='ocr_line' id='line_1_41' title="bbox 348 2313 1018 2350; baseline 0.001 -9"><span class='ocrx_word' id='word_1_195' title='bbox 348 2313 411 2341; x_wconf 83' lang='lat' dir='ltr'>Dat.</span> <span class='ocrx_word' id='word_1_196' title='bbox 432 2313 475 2341; x_wconf 85' lang='lat' dir='ltr'>die</span> <span class='ocrx_word' id='word_1_197' title='bbox 490 2313 506 2341; x_wconf 82' lang='grc'><strong>9</strong></span> <span class='ocrx_word' id='word_1_198' title='bbox 522 2313 674 2341; x_wconf 84' lang='lat' dir='ltr'>decembris</span> <span class='ocrx_word' id='word_1_199' title='bbox 693 2314 771 2348; x_wconf 73' lang='lat'>1692,</span> <span class='ocrx_word' id='word_1_200' title='bbox 789 2314 885 2350; x_wconf 74' lang='lat' dir='ltr'>pontif.</span> <span class='ocrx_word' id='word_1_201' title='bbox 903 2322 974 2342; x_wconf 83' lang='lat' dir='ltr'>anno</span> <span class='ocrx_word' id='word_1_202' title='bbox 990 2320 1018 2342; x_wconf 84' lang='lat'>11.</span> 
     </span>
    </p>
   </div>
   <div class='ocr_carea' id='block_1_7' title="bbox 316 2518 1051 2563">
    <p class='ocr_par' dir='ltr' id='par_1_8' title="bbox 316 2518 1051 2563">
     <span class='ocr_line' id='line_1_42' title="bbox 316 2518 1051 2563; baseline -0.003 -10"><span class='ocrx_word' id='word_1_203' title='bbox 316 2518 540 2555; x_wconf 74' lang='lat' dir='ltr'>Concedmuur</span> <span class='ocrx_word' id='word_1_204' title='bbox 564 2519 791 2563; x_wconf 73' lang='lat' dir='ltr'>indulyenliae</span> <span class='ocrx_word' id='word_1_205' title='bbox 813 2523 984 2562; x_wconf 72' lang='lat' dir='ltr'>perpetuae</span> <span class='ocrx_word' id='word_1_206' title='bbox 1016 2529 1051 2551; x_wconf 83' lang='lat' dir='ltr'>u-</span> 
     </span>
    </p>
   </div>
   <div class='ocr_carea' id='block_1_8' title="bbox 358 2571 1051 2663">
    <p class='ocr_par' dir='ltr' id='par_1_9' title="bbox 358 2571 1051 2663">
     <span class='ocr_line' id='line_1_43' title="bbox 360 2571 1051 2615; baseline -0.003 -10"><span class='ocrx_word' id='word_1_207' title='bbox 360 2573 505 2615; x_wconf 68' lang='lat' dir='ltr'>triusque</span> <span class='ocrx_word' id='word_1_208' title='bbox 529 2583 622 2604; x_wconf 70' lang='lat' dir='ltr'>sexus</span> <span class='ocrx_word' id='word_1_209' title='bbox 644 2573 790 2615; x_wconf 72' lang='lat' dir='ltr'>personis</span> <span class='ocrx_word' id='word_1_210' title='bbox 816 2571 953 2605; x_wconf 66' lang='lat' dir='ltr'>Ordinis</span> <span class='ocrx_word' id='word_1_211' title='bbox 976 2582 1051 2604; x_wconf 79' lang='lat' dir='ltr'>sun-</span> 
     </span>
     <span class='ocr_line' id='line_1_44' title="bbox 358 2624 1051 2663; baseline -0.003 -5"><span class='ocrx_word' id='word_1_212' title='bbox 358 2626 401 2658; x_wconf 71' lang='lat' dir='ltr'>cti</span> <span class='ocrx_word' id='word_1_213' title='bbox 427 2625 594 2657; x_wconf 54' lang='lat' dir='ltr'>Fvwwzzmc·</span> <span class='ocrx_word' id='word_1_214' title='bbox 618 2624 655 2656; x_wconf 59' lang='lat' dir='ltr'>dn</span> <span class='ocrx_word' id='word_1_215' title='bbox 680 2624 900 2663; x_wconf 66' lang='lat' dir='ltr'>Observantz&#39;a‘,</span> <span class='ocrx_word' id='word_1_216' title='bbox 927 2635 1051 2657; x_wconf 69' lang='lat' dir='ltr'>necnon</span> 
     </span>
    </p>
   </div>
   <div class='ocr_carea' id='block_1_9' title="bbox 1061 626 1078 2671">
    <p class='ocr_par' dir='ltr' id='par_1_10' title="bbox 1061 626 1078 2671">
     <span class='ocr_line' id='line_1_45' title="bbox 1061 626 1078 2671; baseline 0 0"><span class='ocrx_word' id='word_1_217' title='bbox 1061 626 1078 2671; x_wconf 95' lang='lat' dir='ltr'> </span> 
     </span>
    </p>
   </div>
   <div class='ocr_carea' id='block_1_10' title="bbox 1106 242 1773 274">
    <p class='ocr_par' dir='ltr' id='par_1_11' title="bbox 1106 242 1773 274">
     <span class='ocr_line' id='line_1_46' title="bbox 1106 242 1773 274; baseline 0.004 -3"><span class='ocrx_word' id='word_1_218' title='bbox 1106 248 1148 271; x_wconf 80' lang='lat' dir='ltr'>xn</span> <span class='ocrx_word' id='word_1_219' title='bbox 1174 249 1220 272; x_wconf 76' lang='lat' dir='ltr'>Pr.</span> <span class='ocrx_word' id='word_1_220' title='bbox 1715 242 1773 274; x_wconf 62' lang='lat' dir='ltr'>listi</span> 
     </span>
    </p>
   </div>
   <div class='ocr_carea' id='block_1_11' title="bbox 1124 295 1815 383">
    <p class='ocr_par' dir='ltr' id='par_1_12' title="bbox 1124 295 1815 383">
     <span class='ocr_line' id='line_1_47' title="bbox 1125 295 1815 338; baseline 0.003 -10"><span class='ocrx_word' id='word_1_221' title='bbox 1125 295 1385 338; x_wconf 79' lang='lat' dir='ltr'>christifidelibus</span> <span class='ocrx_word' id='word_1_222' title='bbox 1409 300 1595 330; x_wconf 78' lang='lat' dir='ltr'>soczelatum</span> <span class='ocrx_word' id='word_1_223' title='bbox 1622 298 1654 330; x_wconf 79' lang='lat' dir='ltr'>in</span> <span class='ocrx_word' id='word_1_224' title='bbox 1684 298 1815 331; x_wconf 70' lang='lat' dir='ltr'>illorum</span> 
     </span>
     <span class='ocr_line' id='line_1_48' title="bbox 1124 348 1498 383; baseline 0 -1"><span class='ocrx_word' id='word_1_225' title='bbox 1124 348 1262 382; x_wconf 74' lang='lat' dir='ltr'>ccelesiis</span> <span class='ocrx_word' id='word_1_226' title='bbox 1286 354 1464 383; x_wconf 73' lang='lat' dir='ltr'>erecturum</span> <span class='ocrx_word' id='word_1_227' title='bbox 1478 350 1498 382; x_wconf 92' lang='lat'>¹.</span> 
     </span>
    </p>
   </div>
   <div class='ocr_carea' id='block_1_12' title="bbox 1203 437 1689 515">
    <p class='ocr_par' dir='ltr' id='par_1_13' title="bbox 1203 437 1689 515">
     <span class='ocr_line' id='line_1_49' title="bbox 1265 437 1640 470; baseline 0 -6"><span class='ocrx_word' id='word_1_228' title='bbox 1265 437 1459 464; x_wconf 81' lang='lat' dir='ltr'>Innocentius</span> <span class='ocrx_word' id='word_1_229' title='bbox 1480 437 1558 470; x_wconf 82' lang='lat' dir='ltr'>Papa</span> <span class='ocrx_word' id='word_1_230' title='bbox 1577 437 1640 469; x_wconf 80' lang='lat' dir='ltr'>xlx.</span> 
     </span>
     <span class='ocr_line' id='line_1_50' title="bbox 1203 481 1689 515; baseline -0.002 -7"><span class='ocrx_word' id='word_1_231' title='bbox 1203 481 1238 508; x_wconf 86' lang='lat' dir='ltr'>ad</span> <span class='ocrx_word' id='word_1_232' title='bbox 1256 485 1431 515; x_wconf 79' lang='lat' dir='ltr'>perpetuam</span> <span class='ocrx_word' id='word_1_233' title='bbox 1450 482 1493 508; x_wconf 72' lang='lat' dir='ltr'>roi</span> <span class='ocrx_word' id='word_1_234' title='bbox 1509 481 1689 509; x_wconf 80' lang='lat' dir='ltr'>memoriam.</span> 
     </span>
    </p>
   </div>
   <div class='ocr_carea' id='block_1_13' title="bbox 1082 561 1823 1029">
    <p class='ocr_par' dir='ltr' id='par_1_14' title="bbox 1082 561 1821 869">
     <span class='ocr_line' id='line_1_51' title="bbox 1125 561 1820 605; baseline -0.001 -11"><span class='ocrx_word' id='word_1_235' title='bbox 1125 561 1172 594; x_wconf 87' lang='lat' dir='ltr'>Ad</span> <span class='ocrx_word' id='word_1_236' title='bbox 1198 572 1244 600; x_wconf 83' lang='lat' dir='ltr'>ea,</span> <span class='ocrx_word' id='word_1_237' title='bbox 1272 572 1330 604; x_wconf 85' lang='lat' dir='ltr'>per</span> <span class='ocrx_word' id='word_1_238' title='bbox 1357 572 1438 605; x_wconf 88' lang='lat' dir='ltr'>quae</span> <span class='ocrx_word' id='word_1_239' title='bbox 1463 561 1640 594; x_wconf 86' lang='lat' dir='ltr'>animarum</span> <span class='ocrx_word' id='word_1_240' title='bbox 1667 561 1820 594; x_wconf 86' lang='lat' dir='ltr'>christili-</span> 
     </span>
     <span class='ocr_line' id='line_1_52' title="bbox 1082 615 1819 658; baseline 0 -11"><span class='ocrx_word' id='word_1_241' title='bbox 1082 615 1202 648; x_wconf 88' lang='lat' dir='ltr'>dclium</span> <span class='ocrx_word' id='word_1_242' title='bbox 1228 616 1313 647; x_wconf 83' lang='lat' dir='ltr'>salus</span> <span class='ocrx_word' id='word_1_243' title='bbox 1339 620 1539 658; x_wconf 79' lang='lat' dir='ltr'>procuratur,</span> <span class='ocrx_word' id='word_1_244' title='bbox 1555 616 1696 647; x_wconf 81' lang='lat' dir='ltr'>libenter</span> <span class='ocrx_word' id='word_1_245' title='bbox 1716 616 1819 647; x_wconf 87' lang='lat' dir='ltr'>inten-</span> 
     </span>
     <span class='ocr_line' id='line_1_53' title="bbox 1083 668 1821 709; baseline 0.001 -9"><span class='ocrx_word' id='word_1_246' title='bbox 1083 668 1196 709; x_wconf 88' lang='lat' dir='ltr'>dimus,</span> <span class='ocrx_word' id='word_1_247' title='bbox 1222 674 1254 701; x_wconf 74' lang='grc' dir='ltr'>οἱ</span> <span class='ocrx_word' id='word_1_248' title='bbox 1278 669 1464 702; x_wconf 87' lang='lat' dir='ltr'>eorumdem</span> <span class='ocrx_word' id='word_1_249' title='bbox 1489 668 1748 701; x_wconf 74' lang='lat' dir='ltr'>cliristititlelium</span> <span class='ocrx_word' id='word_1_250' title='bbox 1767 669 1821 701; x_wconf 88' lang='lat' dir='ltr'>de-</span> 
     </span>
     <span class='ocr_line' id='line_1_54' title="bbox 1083 721 1821 764; baseline 0 -10"><span class='ocrx_word' id='word_1_251' title='bbox 1083 721 1258 761; x_wconf 84' lang='lat' dir='ltr'>votionem,</span> <span class='ocrx_word' id='word_1_252' title='bbox 1283 727 1318 753; x_wconf 87' lang='lat' dir='ltr'>ut</span> <span class='ocrx_word' id='word_1_253' title='bbox 1342 721 1563 764; x_wconf 81' lang='lat' dir='ltr'>spiritualibus</span> <span class='ocrx_word' id='word_1_254' title='bbox 1584 722 1744 754; x_wconf 73' lang='lat' dir='ltr'>exercitiis</span> <span class='ocrx_word' id='word_1_255' title='bbox 1763 722 1821 754; x_wconf 87' lang='lat' dir='ltr'>ser-</span> 
     </span>
     <span class='ocr_line' id='line_1_55' title="bbox 1084 774 1821 813; baseline 0.001 -7"><span class='ocrx_word' id='word_1_256' title='bbox 1084 774 1211 806; x_wconf 85' lang='lat' dir='ltr'>ventins</span> <span class='ocrx_word' id='word_1_257' title='bbox 1230 774 1426 813; x_wconf 80' lang='lat' dir='ltr'>incumbant,</span> <span class='ocrx_word' id='word_1_258' title='bbox 1445 774 1633 807; x_wconf 84' lang='lat' dir='ltr'>caelestium</span> <span class='ocrx_word' id='word_1_259' title='bbox 1651 785 1821 807; x_wconf 88' lang='lat' dir='ltr'>munerum</span> 
     </span>
     <span class='ocr_line' id='line_1_56' title="bbox 1085 826 1820 869; baseline 0.001 -10"><span class='ocrx_word' id='word_1_260' title='bbox 1085 826 1277 869; x_wconf 75' lang='lat' dir='ltr'>elargitione</span> <span class='ocrx_word' id='word_1_261' title='bbox 1289 827 1430 860; x_wconf 87' lang='lat' dir='ltr'>libenter</span> <span class='ocrx_word' id='word_1_262' title='bbox 1441 827 1579 860; x_wconf 78' lang='lat' dir='ltr'>fovemus</span> <span class='ocrx_word' id='word_1_263' title='bbox 1595 833 1627 860; x_wconf 85' lang='lat' dir='ltr'>et</span> <span class='ocrx_word' id='word_1_264' title='bbox 1640 827 1820 860; x_wconf 83' lang='lat' dir='ltr'>incitamus.</span> 
     </span>
    </p>

    <p class='ocr_par' dir='ltr' id='par_1_15' title="bbox 1085 879 1823 1029">
     <span class='ocr_line' id='line_1_57' title="bbox 1129 879 1822 923; baseline 0 -11"><span class='ocrx_word' id='word_1_265' title='bbox 1129 882 1143 922; x_wconf 52' lang='grc' dir='ltr'>ᾗ</span> <span class='ocrx_word' id='word_1_266' title='bbox 1169 879 1200 912; x_wconf 86' lang='grc'>1.</span> <span class='ocrx_word' id='word_1_267' title='bbox 1228 879 1348 923; x_wconf 85' lang='lat' dir='ltr'>Itaque,</span> <span class='ocrx_word' id='word_1_268' title='bbox 1369 880 1408 913; x_wconf 85' lang='lat' dir='ltr'>de</span> <span class='ocrx_word' id='word_1_269' title='bbox 1433 880 1665 923; x_wconf 85' lang='lat' dir='ltr'>omnipotentis</span> <span class='ocrx_word' id='word_1_270' title='bbox 1684 881 1738 913; x_wconf 90' lang='lat' dir='ltr'>Dei</span> <span class='ocrx_word' id='word_1_271' title='bbox 1763 881 1822 912; x_wconf 89' lang='lat' dir='ltr'>mi-</span> 
     </span>
     <span class='ocr_line' id='line_1_58' title="bbox 1085 932 1822 973; baseline 0.001 -8"><span class='ocrx_word' id='word_1_272' title='bbox 1085 933 1275 973; x_wconf 77' lang='lat' dir='ltr'>sericordia,</span> <span class='ocrx_word' id='word_1_273' title='bbox 1301 944 1337 965; x_wconf 82' lang='lat' dir='ltr'>ac</span> <span class='ocrx_word' id='word_1_274' title='bbox 1362 932 1532 966; x_wconf 89' lang='lat' dir='ltr'>beatorum</span> <span class='ocrx_word' id='word_1_275' title='bbox 1568 933 1651 966; x_wconf 84' lang='lat' dir='ltr'>Petri</span> <span class='ocrx_word' id='word_1_276' title='bbox 1678 939 1709 966; x_wconf 90' lang='lat' dir='ltr'>et</span> <span class='ocrx_word' id='word_1_277' title='bbox 1733 933 1822 966; x_wconf 83' lang='lat' dir='ltr'>Pauli</span> 
     </span>
     <span class='ocr_line' id='line_1_59' title="bbox 1086 986 1823 1029; baseline 0 -11"><span class='ocrx_word' id='word_1_278' title='bbox 1086 987 1307 1028; x_wconf 88' lang='lat' dir='ltr'>apostolorum</span> <span class='ocrx_word' id='word_1_279' title='bbox 1349 986 1417 1019; x_wconf 79' lang='lat' dir='ltr'>eius</span> <span class='ocrx_word' id='word_1_280' title='bbox 1458 987 1647 1020; x_wconf 81' lang='lat' dir='ltr'>auctoritate</span> <span class='ocrx_word' id='word_1_281' title='bbox 1690 986 1823 1029; x_wconf 77' lang='lat' dir='ltr'>contisi,</span> 
     </span>
    </p>
   </div>
   <div class='ocr_carea' id='block_1_14' title="bbox 1065 1039 1826 1082">
    <p class='ocr_par' dir='ltr' id='par_1_16' title="bbox 1065 1039 1826 1082">
     <span class='ocr_line' id='line_1_60' title="bbox 1065 1039 1826 1082; baseline 0.001 -11"><span class='ocrx_word' id='word_1_282' title='bbox 1065 1052 1067 1064; x_wconf 55' lang='lat' dir='ltr'>i</span> <span class='ocrx_word' id='word_1_283' title='bbox 1086 1039 1378 1082; x_wconf 81' lang='lat' dir='ltr'>supplicationibus</span> <span class='ocrx_word' id='word_1_284' title='bbox 1393 1050 1522 1082; x_wconf 82' lang='lat' dir='ltr'>quoque</span> <span class='ocrx_word' id='word_1_285' title='bbox 1536 1040 1643 1073; x_wconf 88' lang='lat' dir='ltr'>dilecti</span> <span class='ocrx_word' id='word_1_286' title='bbox 1659 1039 1712 1073; x_wconf 81' lang='lat' dir='ltr'>tilii</span> <span class='ocrx_word' id='word_1_287' title='bbox 1732 1040 1826 1072; x_wconf 86' lang='lat' dir='ltr'>Fran-</span> 
     </span>
    </p>
   </div>
   <div class='ocr_carea' id='block_1_15' title="bbox 1087 1091 1832 2455">
    <p class='ocr_par' dir='ltr' id='par_1_17' title="bbox 1087 1091 1832 2455">
     <span class='ocr_line' id='line_1_61' title="bbox 1087 1091 1824 1126; baseline 0 -2"><span class='ocrx_word' id='word_1_288' title='bbox 1087 1091 1163 1124; x_wconf 83' lang='lat' dir='ltr'>cisci</span> <span class='ocrx_word' id='word_1_289' title='bbox 1188 1092 1262 1124; x_wconf 83' lang='lat' dir='ltr'>Diaz</span> <span class='ocrx_word' id='word_1_290' title='bbox 1287 1102 1303 1124; x_wconf 84' lang='lat' dir='ltr'>a</span> <span class='ocrx_word' id='word_1_291' title='bbox 1320 1092 1351 1125; x_wconf 79' lang='lat' dir='ltr'>S.</span> <span class='ocrx_word' id='word_1_292' title='bbox 1372 1092 1595 1125; x_wconf 85' lang='lat' dir='ltr'>Bonaventnra</span> <span class='ocrx_word' id='word_1_293' title='bbox 1611 1093 1740 1126; x_wconf 82' lang='lat' dir='ltr'>Ordinis</span> <span class='ocrx_word' id='word_1_294' title='bbox 1762 1093 1824 1125; x_wconf 78' lang='lat' dir='ltr'>sra-</span> 
     </span>
     <span class='ocr_line' id='line_1_62' title="bbox 1088 1144 1826 1178; baseline 0.001 -1"><span class='ocrx_word' id='word_1_295' title='bbox 1088 1151 1170 1177; x_wconf 92' lang='lat' dir='ltr'>trnm</span> <span class='ocrx_word' id='word_1_296' title='bbox 1202 1144 1359 1178; x_wconf 83' lang='lat' dir='ltr'>Minorum</span> <span class='ocrx_word' id='word_1_297' title='bbox 1391 1145 1422 1177; x_wconf 77' lang='lat' dir='ltr'>S.</span> <span class='ocrx_word' id='word_1_298' title='bbox 1453 1145 1612 1178; x_wconf 84' lang='lat' dir='ltr'>Francisci</span> <span class='ocrx_word' id='word_1_299' title='bbox 1646 1146 1684 1178; x_wconf 89' lang='lat' dir='ltr'>de</span> <span class='ocrx_word' id='word_1_300' title='bbox 1712 1145 1826 1178; x_wconf 85' lang='lat' dir='ltr'>Obser-</span> 
     </span>
     <span class='ocr_line' id='line_1_63' title="bbox 1089 1197 1825 1240; baseline 0.003 -11"><span class='ocrx_word' id='word_1_301' title='bbox 1089 1197 1193 1230; x_wconf 80' lang='lat' dir='ltr'>vantia</span> <span class='ocrx_word' id='word_1_302' title='bbox 1211 1203 1469 1240; x_wconf 85' lang='lat' dir='ltr'>nuncupatorum</span> <span class='ocrx_word' id='word_1_303' title='bbox 1488 1197 1669 1231; x_wconf 70' lang='lat' dir='ltr'>delinitoris</span> <span class='ocrx_word' id='word_1_304' title='bbox 1690 1208 1825 1240; x_wconf 79' lang='lat' dir='ltr'>genera-</span> 
     </span>
     <span class='ocr_line' id='line_1_64' title="bbox 1088 1249 1826 1293; baseline 0.001 -11"><span class='ocrx_word' id='word_1_305' title='bbox 1088 1249 1126 1282; x_wconf 88' lang='lat' dir='ltr'>lis</span> <span class='ocrx_word' id='word_1_306' title='bbox 1151 1259 1279 1282; x_wconf 87' lang='lat' dir='ltr'>necnon</span> <span class='ocrx_word' id='word_1_307' title='bbox 1312 1250 1498 1283; x_wconf 84' lang='lat' dir='ltr'>Missionuin</span> <span class='ocrx_word' id='word_1_308' title='bbox 1536 1261 1595 1293; x_wconf 87' lang='lat' dir='ltr'>pro</span> <span class='ocrx_word' id='word_1_309' title='bbox 1627 1250 1747 1284; x_wconf 79' lang='lat' dir='ltr'>familia</span> <span class='ocrx_word' id='word_1_310' title='bbox 1777 1251 1826 1283; x_wconf 88' lang='lat' dir='ltr'>ul-</span> 
     </span>
     <span class='ocr_line' id='line_1_65' title="bbox 1089 1302 1826 1346; baseline 0.004 -12"><span class='ocrx_word' id='word_1_311' title='bbox 1089 1305 1291 1334; x_wconf 76' lang='lat' dir='ltr'>tramontana</span> <span class='ocrx_word' id='word_1_312' title='bbox 1327 1302 1404 1335; x_wconf 90' lang='lat' dir='ltr'>dicti</span> <span class='ocrx_word' id='word_1_313' title='bbox 1439 1302 1568 1335; x_wconf 89' lang='lat' dir='ltr'>Ordinis</span> <span class='ocrx_word' id='word_1_314' title='bbox 1602 1304 1826 1346; x_wconf 81' lang='lat' dir='ltr'>procuratoris</span> 
     </span>
     <span class='ocr_line' id='line_1_66' title="bbox 1090 1353 1828 1398; baseline 0.003 -12"><span class='ocrx_word' id='word_1_315' title='bbox 1090 1354 1220 1387; x_wconf 88' lang='lat' dir='ltr'>nomine</span> <span class='ocrx_word' id='word_1_316' title='bbox 1244 1353 1338 1387; x_wconf 86' lang='lat' dir='ltr'>nobis</span> <span class='ocrx_word' id='word_1_317' title='bbox 1364 1364 1462 1397; x_wconf 81' lang='lat' dir='ltr'>super</span> <span class='ocrx_word' id='word_1_318' title='bbox 1486 1355 1547 1387; x_wconf 78' lang='lat' dir='ltr'>hoc</span> <span class='ocrx_word' id='word_1_319' title='bbox 1572 1355 1738 1388; x_wconf 85' lang='lat' dir='ltr'>humiliter</span> <span class='ocrx_word' id='word_1_320' title='bbox 1755 1366 1828 1398; x_wconf 87' lang='lat' dir='ltr'>por-</span> 
     </span>
     <span class='ocr_line' id='line_1_67' title="bbox 1090 1407 1828 1451; baseline 0.004 -12"><span class='ocrx_word' id='word_1_321' title='bbox 1090 1407 1184 1440; x_wconf 85' lang='lat' dir='ltr'>rectis</span> <span class='ocrx_word' id='word_1_322' title='bbox 1211 1407 1365 1446; x_wconf 85' lang='lat' dir='ltr'>inclinati,</span> <span class='ocrx_word' id='word_1_323' title='bbox 1384 1408 1533 1440; x_wconf 88' lang='lat' dir='ltr'>omnibus</span> <span class='ocrx_word' id='word_1_324' title='bbox 1558 1413 1589 1440; x_wconf 87' lang='lat' dir='ltr'>et</span> <span class='ocrx_word' id='word_1_325' title='bbox 1613 1409 1748 1451; x_wconf 81' lang='lat' dir='ltr'>singulis</span> <span class='ocrx_word' id='word_1_326' title='bbox 1767 1409 1828 1442; x_wconf 78' lang='lat' dir='ltr'>sra-</span> 
     </span>
     <span class='ocr_line' id='line_1_68' title="bbox 1092 1460 1827 1504; baseline 0.003 -12"><span class='ocrx_word' id='word_1_327' title='bbox 1092 1461 1192 1493; x_wconf 87' lang='lat' dir='ltr'>tribns</span> <span class='ocrx_word' id='word_1_328' title='bbox 1218 1466 1249 1493; x_wconf 89' lang='lat' dir='ltr'>et</span> <span class='ocrx_word' id='word_1_329' title='bbox 1273 1460 1474 1500; x_wconf 60' lang='lat' dir='ltr'>monialibus</span> <span class='ocrx_word' id='word_1_330' title='bbox 1501 1466 1532 1494; x_wconf 89' lang='lat' dir='ltr'>et</span> <span class='ocrx_word' id='word_1_331' title='bbox 1556 1461 1627 1494; x_wconf 87' lang='lat' dir='ltr'>aliis</span> <span class='ocrx_word' id='word_1_332' title='bbox 1657 1462 1827 1504; x_wconf 85' lang='lat' dir='ltr'>utriusque</span> 
     </span>
     <span class='ocr_line' id='line_1_69' title="bbox 1092 1512 1829 1556; baseline 0.003 -11"><span class='ocrx_word' id='word_1_333' title='bbox 1092 1523 1185 1546; x_wconf 75' lang='lat' dir='ltr'>sexus</span> <span class='ocrx_word' id='word_1_334' title='bbox 1210 1513 1360 1556; x_wconf 85' lang='lat' dir='ltr'>personis</span> <span class='ocrx_word' id='word_1_335' title='bbox 1377 1512 1530 1546; x_wconf 89' lang='lat' dir='ltr'>Ordinum</span> <span class='ocrx_word' id='word_1_336' title='bbox 1557 1520 1587 1547; x_wconf 87' lang='lat' dir='ltr'>et</span> <span class='ocrx_word' id='word_1_337' title='bbox 1608 1514 1829 1556; x_wconf 70' lang='lat' dir='ltr'>congregatio-</span> 
     </span>
     <span class='ocr_line' id='line_1_70' title="bbox 1092 1566 1828 1599; baseline 0.001 -1"><span class='ocrx_word' id='word_1_338' title='bbox 1092 1576 1167 1599; x_wconf 88' lang='lat' dir='ltr'>num</span> <span class='ocrx_word' id='word_1_339' title='bbox 1187 1566 1393 1599; x_wconf 88' lang='lat' dir='ltr'>obedientiae</span> <span class='ocrx_word' id='word_1_340' title='bbox 1419 1576 1475 1598; x_wconf 89' lang='lat' dir='ltr'>seu</span> <span class='ocrx_word' id='word_1_341' title='bbox 1498 1566 1669 1599; x_wconf 86' lang='lat' dir='ltr'>directioni</span> <span class='ocrx_word' id='word_1_342' title='bbox 1687 1567 1828 1599; x_wconf 90' lang='lat' dir='ltr'>ministri</span> 
     </span>
     <span class='ocr_line' id='line_1_71' title="bbox 1090 1618 1829 1662; baseline 0.003 -11"><span class='ocrx_word' id='word_1_343' title='bbox 1090 1619 1253 1661; x_wconf 80' lang='lat' dir='ltr'>generalis</span> <span class='ocrx_word' id='word_1_344' title='bbox 1279 1619 1423 1652; x_wconf 88' lang='lat' dir='ltr'>eiusdem</span> <span class='ocrx_word' id='word_1_345' title='bbox 1447 1618 1577 1652; x_wconf 86' lang='lat' dir='ltr'>Ordinis</span> <span class='ocrx_word' id='word_1_346' title='bbox 1603 1630 1688 1652; x_wconf 88' lang='lat' dir='ltr'>nuuc</span> <span class='ocrx_word' id='word_1_347' title='bbox 1715 1626 1745 1653; x_wconf 91' lang='lat' dir='ltr'>et</span> <span class='ocrx_word' id='word_1_348' title='bbox 1770 1630 1829 1662; x_wconf 83' lang='lat' dir='ltr'>pro</span> 
     </span>
     <span class='ocr_line' id='line_1_72' title="bbox 1091 1672 1830 1716; baseline 0.003 -11"><span class='ocrx_word' id='word_1_349' title='bbox 1091 1678 1240 1716; x_wconf 85' lang='lat' dir='ltr'>tempore</span> <span class='ocrx_word' id='word_1_350' title='bbox 1272 1672 1434 1712; x_wconf 86' lang='lat' dir='ltr'>subiectis,</span> <span class='ocrx_word' id='word_1_351' title='bbox 1457 1683 1492 1705; x_wconf 85' lang='lat' dir='ltr'>ac</span> <span class='ocrx_word' id='word_1_352' title='bbox 1516 1673 1610 1705; x_wconf 89' lang='lat' dir='ltr'>etiam</span> <span class='ocrx_word' id='word_1_353' title='bbox 1635 1673 1830 1707; x_wconf 76' lang='lat' dir='ltr'>christifide-</span> 
     </span>
     <span class='ocr_line' id='line_1_73' title="bbox 1091 1726 1831 1770; baseline 0.001 -11"><span class='ocrx_word' id='word_1_354' title='bbox 1091 1726 1175 1759; x_wconf 85' lang='lat' dir='ltr'>libus</span> <span class='ocrx_word' id='word_1_355' title='bbox 1205 1726 1419 1758; x_wconf 72' lang='lat' dir='ltr'>confratribus</span> <span class='ocrx_word' id='word_1_356' title='bbox 1445 1731 1477 1758; x_wconf 89' lang='lat' dir='ltr'>et</span> <span class='ocrx_word' id='word_1_357' title='bbox 1501 1726 1728 1759; x_wconf 82' lang='lat' dir='ltr'>consororibus</span> <span class='ocrx_word' id='word_1_358' title='bbox 1755 1738 1831 1770; x_wconf 84' lang='lat' dir='ltr'>qua-</span> 
     </span>
     <span class='ocr_line' id='line_1_74' title="bbox 1092 1778 1830 1818; baseline 0.001 -8"><span class='ocrx_word' id='word_1_359' title='bbox 1092 1778 1245 1811; x_wconf 86' lang='lat' dir='ltr'>rumlibet</span> <span class='ocrx_word' id='word_1_360' title='bbox 1263 1778 1565 1810; x_wconf 79' lang='lat' dir='ltr'>confraternitatum</span> <span class='ocrx_word' id='word_1_361' title='bbox 1585 1784 1616 1811; x_wconf 88' lang='lat' dir='ltr'>et</span> <span class='ocrx_word' id='word_1_362' title='bbox 1629 1779 1830 1818; x_wconf 84' lang='lat' dir='ltr'>societatum,</span> 
     </span>
     <span class='ocr_line' id='line_1_75' title="bbox 1091 1830 1832 1874; baseline 0.001 -11"><span class='ocrx_word' id='word_1_363' title='bbox 1091 1831 1158 1864; x_wconf 88' lang='lat' dir='ltr'>sive</span> <span class='ocrx_word' id='word_1_364' title='bbox 1184 1831 1241 1863; x_wconf 88' lang='lat' dir='ltr'>sub</span> <span class='ocrx_word' id='word_1_365' title='bbox 1266 1831 1490 1863; x_wconf 80' lang='lat' dir='ltr'>immaculatae</span> <span class='ocrx_word' id='word_1_366' title='bbox 1508 1830 1736 1874; x_wconf 87' lang='lat' dir='ltr'>Conceptionis</span> <span class='ocrx_word' id='word_1_367' title='bbox 1761 1832 1832 1864; x_wconf 87' lang='lat' dir='ltr'>bea-</span> 
     </span>
     <span class='ocr_line' id='line_1_76' title="bbox 1093 1883 1831 1927; baseline 0.001 -11"><span class='ocrx_word' id='word_1_368' title='bbox 1093 1889 1142 1916; x_wconf 87' lang='lat' dir='ltr'>tae</span> <span class='ocrx_word' id='word_1_369' title='bbox 1167 1883 1284 1916; x_wconf 86' lang='lat' dir='ltr'>Mariae</span> <span class='ocrx_word' id='word_1_370' title='bbox 1311 1883 1459 1926; x_wconf 71' lang='lat' dir='ltr'>Virginis,</span> <span class='ocrx_word' id='word_1_371' title='bbox 1484 1883 1549 1917; x_wconf 88' lang='lat' dir='ltr'>sive</span> <span class='ocrx_word' id='word_1_372' title='bbox 1575 1885 1634 1917; x_wconf 89' lang='lat' dir='ltr'>sub</span> <span class='ocrx_word' id='word_1_373' title='bbox 1660 1884 1723 1917; x_wconf 86' lang='lat' dir='ltr'>alio</span> <span class='ocrx_word' id='word_1_374' title='bbox 1750 1895 1831 1927; x_wconf 86' lang='lat' dir='ltr'>quo-</span> 
     </span>
     <span class='ocr_line' id='line_1_77' title="bbox 1092 1937 1831 1976; baseline 0.001 -6"><span class='ocrx_word' id='word_1_375' title='bbox 1092 1937 1170 1970; x_wconf 84' lang='lat' dir='ltr'>libet</span> <span class='ocrx_word' id='word_1_376' title='bbox 1189 1937 1280 1970; x_wconf 91' lang='lat' dir='ltr'>titulo</span> <span class='ocrx_word' id='word_1_377' title='bbox 1297 1948 1352 1970; x_wconf 88' lang='lat' dir='ltr'>seu</span> <span class='ocrx_word' id='word_1_378' title='bbox 1370 1937 1581 1976; x_wconf 81' lang='lat' dir='ltr'>invocatione,</span> <span class='ocrx_word' id='word_1_379' title='bbox 1599 1943 1661 1970; x_wconf 84' lang='lat' dir='ltr'>tam</span> <span class='ocrx_word' id='word_1_380' title='bbox 1676 1938 1831 1971; x_wconf 84' lang='lat' dir='ltr'>hactenus</span> 
     </span>
     <span class='ocr_line' id='line_1_78' title="bbox 1092 1989 1832 2024; baseline 0.003 -3"><span class='ocrx_word' id='word_1_381' title='bbox 1092 1989 1122 2021; x_wconf 87' lang='lat' dir='ltr'>in</span> <span class='ocrx_word' id='word_1_382' title='bbox 1148 1990 1334 2022; x_wconf 84' lang='lat' dir='ltr'>eorumdem</span> <span class='ocrx_word' id='word_1_383' title='bbox 1359 1990 1494 2022; x_wconf 82' lang='lat' dir='ltr'>fratrum</span> <span class='ocrx_word' id='word_1_384' title='bbox 1521 1995 1553 2022; x_wconf 85' lang='lat' dir='ltr'>et</span> <span class='ocrx_word' id='word_1_385' title='bbox 1576 1990 1764 2023; x_wconf 87' lang='lat' dir='ltr'>monialium</span> <span class='ocrx_word' id='word_1_386' title='bbox 1782 2001 1832 2024; x_wconf 88' lang='lat' dir='ltr'>ec-</span> 
     </span>
     <span class='ocr_line' id='line_1_79' title="bbox 1091 2042 1832 2087; baseline 0.001 -12"><span class='ocrx_word' id='word_1_387' title='bbox 1091 2042 1201 2075; x_wconf 87' lang='lat' dir='ltr'>clesiis</span> <span class='ocrx_word' id='word_1_388' title='bbox 1222 2043 1376 2075; x_wconf 82' lang='lat' dir='ltr'>canonice</span> <span class='ocrx_word' id='word_1_389' title='bbox 1401 2048 1591 2082; x_wconf 85' lang='lat' dir='ltr'>erectarum,</span> <span class='ocrx_word' id='word_1_390' title='bbox 1611 2053 1705 2086; x_wconf 83' lang='lat' dir='ltr'>qnam</span> <span class='ocrx_word' id='word_1_391' title='bbox 1724 2044 1755 2076; x_wconf 90' lang='lat' dir='ltr'>in</span> <span class='ocrx_word' id='word_1_392' title='bbox 1773 2054 1832 2087; x_wconf 90' lang='lat' dir='ltr'>po-</span> 
     </span>
     <span class='ocr_line' id='line_1_80' title="bbox 1091 2095 1831 2139; baseline 0.001 -11"><span class='ocrx_word' id='word_1_393' title='bbox 1091 2101 1211 2128; x_wconf 86' lang='lat' dir='ltr'>sterum</span> <span class='ocrx_word' id='word_1_394' title='bbox 1236 2095 1390 2128; x_wconf 82' lang='lat' dir='ltr'>canonice</span> <span class='ocrx_word' id='word_1_395' title='bbox 1416 2095 1654 2138; x_wconf 79' lang='lat' dir='ltr'>erigendarum,</span> <span class='ocrx_word' id='word_1_396' title='bbox 1685 2096 1738 2139; x_wconf 86' lang='lat' dir='ltr'>qui</span> <span class='ocrx_word' id='word_1_397' title='bbox 1773 2107 1831 2139; x_wconf 89' lang='lat' dir='ltr'>per</span> 
     </span>
     <span class='ocr_line' id='line_1_81' title="bbox 1092 2147 1832 2190; baseline 0.004 -12"><span class='ocrx_word' id='word_1_398' title='bbox 1092 2147 1301 2190; x_wconf 84' lang='lat' dir='ltr'>quadrantem</span> <span class='ocrx_word' id='word_1_399' title='bbox 1328 2147 1427 2180; x_wconf 88' lang='lat' dir='ltr'>horae</span> <span class='ocrx_word' id='word_1_400' title='bbox 1453 2147 1593 2180; x_wconf 83' lang='lat' dir='ltr'>orationi</span> <span class='ocrx_word' id='word_1_401' title='bbox 1619 2149 1750 2181; x_wconf 87' lang='lat' dir='ltr'>mentali</span> <span class='ocrx_word' id='word_1_402' title='bbox 1780 2160 1832 2181; x_wconf 82' lang='lat' dir='ltr'>va-</span> 
     </span>
     <span class='ocr_line' id='line_1_82' title="bbox 1091 2200 1829 2243; baseline 0.003 -10"><span class='ocrx_word' id='word_1_403' title='bbox 1091 2200 1244 2240; x_wconf 84' lang='lat' dir='ltr'>caverint,</span> <span class='ocrx_word' id='word_1_404' title='bbox 1266 2210 1325 2243; x_wconf 89' lang='lat' dir='ltr'>pro</span> <span class='ocrx_word' id='word_1_405' title='bbox 1346 2200 1488 2243; x_wconf 86' lang='lat' dir='ltr'>qualibet</span> <span class='ocrx_word' id='word_1_406' title='bbox 1507 2200 1573 2233; x_wconf 88' lang='lat' dir='ltr'>vice</span> <span class='ocrx_word' id='word_1_407' title='bbox 1598 2207 1725 2233; x_wconf 85' lang='lat' dir='ltr'>centnm</span> <span class='ocrx_word' id='word_1_408' title='bbox 1744 2201 1829 2243; x_wconf 85' lang='lat' dir='ltr'>dies;</span> 
     </span>
     <span class='ocr_line' id='line_1_83' title="bbox 1092 2253 1828 2296; baseline 0.003 -11"><span class='ocrx_word' id='word_1_409' title='bbox 1092 2253 1147 2296; x_wconf 87' lang='lat' dir='ltr'>qni</span> <span class='ocrx_word' id='word_1_410' title='bbox 1184 2263 1242 2296; x_wconf 85' lang='lat' dir='ltr'>per</span> <span class='ocrx_word' id='word_1_411' title='bbox 1275 2253 1356 2286; x_wconf 83' lang='lat' dir='ltr'>duos</span> <span class='ocrx_word' id='word_1_412' title='bbox 1388 2253 1584 2295; x_wconf 83' lang='lat' dir='ltr'>quadrantes</span> <span class='ocrx_word' id='word_1_413' title='bbox 1609 2253 1828 2294; x_wconf 84' lang='lat' dir='ltr'>continuatos,</span> 
     </span>
     <span class='ocr_line' id='line_1_84' title="bbox 1093 2306 1831 2349; baseline 0.003 -11"><span class='ocrx_word' id='word_1_414' title='bbox 1093 2307 1140 2339; x_wconf 89' lang='lat' dir='ltr'>vel</span> <span class='ocrx_word' id='word_1_415' title='bbox 1166 2306 1279 2338; x_wconf 86' lang='lat' dir='ltr'>saltem</span> <span class='ocrx_word' id='word_1_416' title='bbox 1303 2316 1362 2349; x_wconf 87' lang='lat' dir='ltr'>per</span> <span class='ocrx_word' id='word_1_417' title='bbox 1386 2306 1599 2349; x_wconf 83' lang='lat' dir='ltr'>quadrantem</span> <span class='ocrx_word' id='word_1_418' title='bbox 1632 2307 1745 2347; x_wconf 87' lang='lat' dir='ltr'>horae,</span> <span class='ocrx_word' id='word_1_419' title='bbox 1765 2307 1831 2341; x_wconf 83' lang='lat' dir='ltr'>sin-</span> 
     </span>
     <span class='ocr_line' id='line_1_85' title="bbox 1092 2358 1831 2402; baseline 0.003 -11"><span class='ocrx_word' id='word_1_420' title='bbox 1092 2359 1174 2401; x_wconf 82' lang='lat' dir='ltr'>gulis</span> <span class='ocrx_word' id='word_1_421' title='bbox 1198 2358 1311 2392; x_wconf 84' lang='lat' dir='ltr'>diebus</span> <span class='ocrx_word' id='word_1_422' title='bbox 1335 2364 1367 2392; x_wconf 86' lang='lat' dir='ltr'>et</span> <span class='ocrx_word' id='word_1_423' title='bbox 1391 2369 1451 2402; x_wconf 87' lang='lat' dir='ltr'>per</span> <span class='ocrx_word' id='word_1_424' title='bbox 1476 2364 1579 2392; x_wconf 89' lang='lat' dir='ltr'>totum</span> <span class='ocrx_word' id='word_1_425' title='bbox 1605 2370 1749 2393; x_wconf 86' lang='lat' dir='ltr'>mensem</span> <span class='ocrx_word' id='word_1_426' title='bbox 1776 2361 1831 2394; x_wconf 88' lang='lat' dir='ltr'>da-</span> 
     </span>
     <span class='ocr_line' id='line_1_86' title="bbox 1091 2412 1831 2455; baseline 0.001 -10"><span class='ocrx_word' id='word_1_427' title='bbox 1091 2412 1174 2445; x_wconf 86' lang='lat' dir='ltr'>bunt</span> <span class='ocrx_word' id='word_1_428' title='bbox 1208 2421 1352 2455; x_wconf 88' lang='lat' dir='ltr'>operam,</span> <span class='ocrx_word' id='word_1_429' title='bbox 1391 2417 1423 2445; x_wconf 88' lang='lat' dir='ltr'>et</span> <span class='ocrx_word' id='word_1_430' title='bbox 1454 2422 1527 2445; x_wconf 87' lang='lat' dir='ltr'>vere</span> <span class='ocrx_word' id='word_1_431' title='bbox 1560 2412 1763 2455; x_wconf 88' lang='lat' dir='ltr'>poenitentes</span> <span class='ocrx_word' id='word_1_432' title='bbox 1799 2419 1831 2446; x_wconf 86' lang='lat' dir='ltr'>et</span> 
     </span>
    </p>
   </div>
   <div class='ocr_carea' id='block_1_16' title="bbox 1092 2499 1830 2668">
    <p class='ocr_par' dir='ltr' id='par_1_18' title="bbox 1092 2499 1830 2668">
     <span class='ocr_line' id='line_1_87' title="bbox 1141 2499 1829 2535; baseline 0.003 -9"><span class='ocrx_word' id='word_1_433' title='bbox 1141 2501 1150 2526; x_wconf 79' lang='lat' dir='ltr'>t</span> <span class='ocrx_word' id='word_1_434' title='bbox 1175 2499 1247 2527; x_wconf 79' lang='lat' dir='ltr'>Aliae</span> <span class='ocrx_word' id='word_1_435' title='bbox 1267 2499 1449 2535; x_wconf 83' lang='lat' dir='ltr'>indulgentiae</span> <span class='ocrx_word' id='word_1_436' title='bbox 1469 2503 1562 2527; x_wconf 78' lang='lat' dir='ltr'>extant</span> <span class='ocrx_word' id='word_1_437' title='bbox 1581 2500 1608 2527; x_wconf 91' lang='lat' dir='ltr'>in</span> <span class='ocrx_word' id='word_1_438' title='bbox 1625 2501 1776 2528; x_wconf 85' lang='lat' dir='ltr'>Innocentii</span> <span class='ocrx_word' id='word_1_439' title='bbox 1798 2501 1829 2528; x_wconf 79' lang='lat' dir='ltr'>XI</span> 
     </span>
     <span class='ocr_line' id='line_1_88' title="bbox 1092 2543 1827 2580; baseline 0 -10"><span class='ocrx_word' id='word_1_440' title='bbox 1092 2549 1177 2571; x_wconf 87' lang='lat' dir='ltr'>const.</span> <span class='ocrx_word' id='word_1_441' title='bbox 1190 2543 1232 2570; x_wconf 83' lang='lat' dir='ltr'>ed.</span> <span class='ocrx_word' id='word_1_442' title='bbox 1255 2551 1426 2579; x_wconf 58' lang='lat' dir='ltr'>tinttxxxvn,</span> <span class='ocrx_word' id='word_1_443' title='bbox 1439 2545 1481 2572; x_wconf 85' lang='lat' dir='ltr'>die</span> <span class='ocrx_word' id='word_1_444' title='bbox 1492 2545 1526 2572; x_wconf 65' lang='lat'>⁹22</span> <span class='ocrx_word' id='word_1_445' title='bbox 1536 2545 1662 2577; x_wconf 78' lang='lat' dir='ltr'>ianuarii,</span> <span class='ocrx_word' id='word_1_446' title='bbox 1678 2545 1769 2580; x_wconf 85' lang='lat' dir='ltr'>pontis.</span> <span class='ocrx_word' id='word_1_447' title='bbox 1787 2553 1827 2577; x_wconf 74' lang='lat' dir='ltr'>xi,</span> 
     </span>
     <span class='ocr_line' id='line_1_89' title="bbox 1093 2588 1830 2624; baseline 0.003 -8"><span class='ocrx_word' id='word_1_448' title='bbox 1093 2593 1119 2616; x_wconf 83' lang='lat' dir='ltr'>et</span> <span class='ocrx_word' id='word_1_449' title='bbox 1139 2589 1166 2615; x_wconf 92' lang='lat' dir='ltr'>in</span> <span class='ocrx_word' id='word_1_450' title='bbox 1189 2588 1266 2615; x_wconf 82' lang='lat' dir='ltr'>liuius</span> <span class='ocrx_word' id='word_1_451' title='bbox 1288 2589 1424 2616; x_wconf 79' lang='lat' dir='ltr'>l&#39;outiticis</span> <span class='ocrx_word' id='word_1_452' title='bbox 1444 2594 1528 2617; x_wconf 88' lang='lat' dir='ltr'>const.</span> <span class='ocrx_word' id='word_1_453' title='bbox 1558 2589 1620 2616; x_wconf 71' lang='lat' dir='ltr'>edzt.</span> <span class='ocrx_word' id='word_1_454' title='bbox 1643 2596 1766 2624; x_wconf 63' lang='lat' dir='ltr'>nomer,</span> <span class='ocrx_word' id='word_1_455' title='bbox 1788 2590 1830 2617; x_wconf 75' lang='lat' dir='ltr'>dte</span> 
     </span>
     <span class='ocr_line' id='line_1_90' title="bbox 1098 2633 1431 2668; baseline -0.003 -11"><span class='ocrx_word' id='word_1_456' title='bbox 1098 2634 1126 2657; x_wconf 53' lang='lat' dir='ltr'>lii</span> <span class='ocrx_word' id='word_1_457' title='bbox 1148 2634 1266 2667; x_wconf 63' lang='lat' dir='ltr'>angusti,</span> <span class='ocrx_word' id='word_1_458' title='bbox 1290 2633 1385 2668; x_wconf 60' lang='lat' dir='ltr'>politis.</span> <span class='ocrx_word' id='word_1_459' title='bbox 1409 2641 1431 2659; x_wconf 71' lang='lat' dir='ltr'>v,</span> 
     </span>
    </p>
   </div>
   <div class='ocr_carea' id='block_1_17' title="bbox 1823 251 2005 277">
    <p class='ocr_par' dir='ltr' id='par_1_19' title="bbox 1823 251 2005 277">
     <span class='ocr_line' id='line_1_91' title="bbox 1823 251 2005 277; baseline -0.016 0"><span class='ocrx_word' id='word_1_460' title='bbox 1823 252 1870 277; x_wconf 68' lang='lat' dir='ltr'>An⁴</span> <span class='ocrx_word' id='word_1_461' title='bbox 1889 251 1915 276; x_wconf 36' lang='lat' dir='ltr'>tt,</span> <span class='ocrx_word' id='word_1_462' title='bbox 1941 252 2005 274; x_wconf 39' lang='lat' dir='ltr'>istst&amp;</span> 
     </span>
    </p>
   </div>
   <div class='ocr_carea' id='block_1_18' title="bbox 1856 573 1975 595">
    <p class='ocr_par' dir='ltr' id='par_1_20' title="bbox 1856 573 1975 595">
     <span class='ocr_line' id='line_1_92' title="bbox 1856 573 1975 595; baseline 0.008 -2"><span class='ocrx_word' id='word_1_463' title='bbox 1856 573 1975 595; x_wconf 55' lang='lat' dir='ltr'>taini-«num.</span> 
     </span>
    </p>
   </div>
   <div class='ocr_carea' id='block_1_19' title="bbox 1832 889 2015 942">
    <p class='ocr_par' dir='ltr' id='par_1_21' title="bbox 1832 889 2015 942">
     <span class='ocr_line' id='line_1_93' title="bbox 1859 889 2015 909; baseline 0.006 -1"><span class='ocrx_word' id='word_1_464' title='bbox 1859 889 1971 909; x_wconf 54' lang='lat' dir='ltr'>Cum-wia</span> <span class='ocrx_word' id='word_1_465' title='bbox 1985 896 2015 909; x_wconf 76' lang='lat' dir='ltr'>itt-</span> 
     </span>
     <span class='ocr_line' id='line_1_94' title="bbox 1832 916 1961 942; baseline 0 -5"><span class='ocrx_word' id='word_1_466' title='bbox 1832 916 1961 942; x_wconf 66' lang='lat' dir='ltr'>dtil3⁴*iitt.te,</span> 
     </span>
    </p>
   </div>
  </div>
 </body>
</html>
