2254 3225
212 268 260 297 An,
281 267 309 294 c,
333 267 398 294 ¹698
444 258 508 292 8522

235 541 354 563 clamatae.

241 1610 304 1630 Fati-s
328 1612 385 1631 tran-

200 1640 338 1663 sumptorum.

404 317 539 350 stolicae
556 316 715 350 firmitatis
734 318 835 351 robur
851 319 1036 352 adiicimus:
1059 321 1145 352 salva

405 374 514 404 tamen
550 382 680 415 semper
716 372 748 405 in
781 373 966 416 praemissis
998 374 1141 406 auctori-

404 429 466 457 tate
502 431 697 459 memoratae
728 426 999 470 Congregationis
1032 427 1140 460 cardi—

403 478 538 511 nulium.

446 532 460 575 g
484 531 517 566 3.
543 533 772 574 Decerncntes,
795 535 925 567 easdem
953 540 1143 577 praesentes

401 585 527 618 litteras
554 597 682 629 semper
707 586 822 627 sirmas,
848 587 969 620 validas
988 593 1018 620 et
1038 588 1143 620 effica-

402 648 454 670 ces
479 638 614 672 existere
641 645 672 672 et
697 639 775 680 sore,
806 650 945 683 suosque
979 641 1143 683 plenarios

402 696 433 724 et
457 691 603 734 integros
628 691 760 725 effectus
785 693 893 725 sortiri
927 698 958 725 et
982 693 1141 733 obtinere,

400 755 437 777 ac
460 744 544 785 illis,
576 746 615 779 ad
646 756 727 789 quos
753 751 877 789 spectat
900 751 932 779 et
961 746 1139 790 spectabit,

400 798 433 830 in
460 799 604 832 futurum
632 800 819 843 plenissime
846 799 1025 843 suffragari,
1045 805 1077 833 et
1102 800 1141 833 ab

401 851 446 884 eis
471 853 651 896 respective
684 853 917 887 inviolabiliter
949 854 1138 896 observari,

400 905 511 949 sicque
546 906 579 938 in
612 907 804 950 praemissis
829 918 888 951 per
912 918 1140 951 quoscumque

399 958 523 992 iudices
549 960 732 993 ordinarios
765 966 796 993 et
832 961 1017 1003 delegatos,
1043 962 1140 995 etiam

399 1021 568 1045 causarum
600 1013 710 1056 palatii
748 1014 919 1057 apostolici
953 1015 1138 1056 auditores,

398 1063 535 1098 iudicari
561 1071 593 1099 et
617 1066 748 1099 definiri
781 1067 901 1100 debere
918 1095 925 1108 ‚
951 1078 987 1100 ac
1010 1067 1139 1101 irritum

398 1123 431 1151 et
455 1119 563 1159 inane,
587 1120 612 1152 si
633 1131 727 1153 secus
745 1121 912 1164 superbis
930 1132 947 1154 a
964 1132 1137 1165 quoquam,

398 1173 510 1215 quavis
533 1173 716 1214 autoritate,
744 1175 885 1208 scienter
910 1176 959 1208 vel
986 1175 1139 1218 ignoran-

397 1229 463 1266 ter,
489 1226 665 1269 contigerit
690 1229 854 1261 attentari.
883 1228 951 1261 Non
979 1229 1139 1262 obstanti-

396 1277 457 1311 bus
483 1280 691 1322 praemissiS‚
723 1291 759 1314 ac
790 1281 1080 1314 constitutionibus
1106 1287 1138 1315 et

397 1332 661 1367 ordinationibus
686 1335 886 1377 apostolicis,
904 1341 934 1368 et
953 1335 987 1367 in
1013 1336 1137 1369 univer-

396 1386 519 1419 salibus
537 1387 859 1432 provincialibusque
878 1394 909 1421 et
927 1389 1136 1432 synodalibus

396 1439 544 1472 conciliis
567 1440 673 1480 editis,
694 1441 900 1483 generalibus
917 1442 966 1474 vel
985 1442 1136 1485 speciali-

395 1491 468 1532 bus,
488 1493 779 1527 constitutionibus
797 1501 828 1528 et
851 1496 1111 1529 ordinationibus
1125 1524 1133 1537 ,

396 1545 578 1589 ceterisque
605 1547 776 1581 contrariis
803 1548 1073 1592 quibuscumque.

440 1599 454 1642 g
486 1598 518 1631 4.
553 1599 705 1632 Volumus
739 1606 846 1633 autem
879 1606 914 1633 ut
946 1603 1133 1635 earumdem

394 1652 617 1695 praesentium
637 1653 820 1687 litterarum
838 1655 1056 1698 transumptis,
1076 1667 1133 1689 seu

394 1706 563 1750 exemplis,
585 1707 681 1740 etiam
707 1708 887 1751 impressis,
912 1720 1007 1742 manu
1033 1710 1133 1743 alicu-

392 1757 442 1791 ius
460 1760 578 1792 notarii
603 1761 723 1804 publici
751 1762 953 1806 subscriptis,
974 1768 1006 1795 et
1025 1763 1132 1806 sigillo

391 1822 553 1854 personae
572 1813 603 1845 in
630 1814 852 1848 ecclesiastica
876 1815 1033 1858 dignitate
1055 1827 1132 1849 con-

391 1865 524 1899 stitutae
556 1867 712 1908 munitis,
741 1869 855 1902 eadem
889 1880 1024 1913 prorsus
1050 1870 1130 1903 sides

389 1919 510 1962 ubique
542 1920 686 1954 locorum
724 1927 785 1954 tam
823 1922 855 1955 in
888 1923 1008 1956 iudicio
1034 1935 1129 1967 quam

390 1978 478 2005 extra
509 1972 592 2006 illud
626 1974 804 2015 habeatur,
839 1986 920 2019 quae
955 1976 1131 2009 haberetur

388 2023 467 2068 ipsis
504 2027 733 2069 praesentibus
769 2028 794 2061 si
828 2028 936 2062 forent
965 2030 1129 2063 exhibitae

388 2079 439 2111 vel
467 2085 629 2113 ostensae.

430 2132 546 2165 Datum
569 2133 701 2174 Romae,
724 2135 810 2178 apud
831 2135 863 2169 S.
885 2136 1015 2169 Mariam
1033 2137 1131 2170 Maio-

386 2195 467 2225 rem,
488 2187 547 2219 sul)
566 2189 688 2220 annulo
704 2188 891 2229 Piscatoris,
909 2190 961 2223 dic
980 2200 1014 2223 111
1033 2190 1128 2222 1naii¹

386 2248 561 2278 tuncxcvlu,
577 2241 785 2283 pontificatus
802 2243 903 2276 nostri
921 2254 1007 2276 anno
1023 2255 1075 2277 vu.

422 2301 482 2328 Dat.
506 2302 549 2329 dic
569 2302 584 2329 3
606 2304 667 2330 maii
691 2304 769 2338 1698,
791 2305 888 2340 pontis.
911 2314 983 2333 anuo
1005 2312 1050 2333 vu.

691 2438 815 2472 CLVIII.

387 2508 609 2552 Confirmalur
647 2511 832 2544 constitutio
874 2511 960 2544 Iulii
994 2512 1035 2545 II
1067 2523 1126 2555 pro

427 2565 554 2597 unitate
581 2564 742 2597 servande}
766 2565 803 2597 in
828 2564 952 2598 Ordine
979 2566 1123 2599 Cartha-

418 2635 431 2661 1
459 2634 530 2661 Edit.
557 2634 636 2662 Maia.
665 2636 691 2662 in
719 2639 793 2663 textu
819 2635 904 2663 habet
931 2637 1057 2671 martii,
1078 2636 1126 2664 sed

383 2678 416 2706 ad
436 2688 520 2715 marg.
543 2680 606 2715 legit
629 2681 701 2708 maii
720 2684 757 2716 (rt.
780 2684 829 2714 T.).

992 269 1172 294 BULLARIUM
1196 270 1351 295 Romami
1934 272 1983 298 An.
2000 271 2031 299 C.
2053 272 2121 301 1698

1229 321 1340 359 siensz}
1363 329 1436 353 cum
1454 320 1635 353 adiectione
1657 330 1778 364 poenae
1802 330 1928 354 excom-

1229 374 1465 406 municationis
1490 374 1522 406 in
1548 373 1856 407 conlrcwenientes¹.

1360 464 1560 492 Innocentius
1580 466 1657 498 Papa
1677 466 1740 498 ΧΠ,

1303 512 1339 536 ad
1360 513 1542 543 perpetuam
1561 510 1606 537 rei
1627 510 1812 537 memoriam.

1230 590 1276 623 Ad
1315 590 1489 633 pastoralis
1527 590 1692 633 dignitatis
1730 591 1922 633 fastigium,
1963 599 2085 620 Exordium.

1185 644 1275 676 nullo
1294 643 1370 676 licet
1389 644 1582 677 meritorum
1609 650 1794 677 nostrorum
1813 643 1926 677 suffra-

1184 697 1248 739 gio,
1271 708 1329 740 per
1354 697 1527 730 ineffabilis
1554 697 1679 730 divinae
1704 697 1857 731 bonitatis
1879 698 1926 731 di-

1184 749 1275 782 vitias
1302 750 1414 790 evecti,
1442 761 1488 790 ea,
1515 761 1597 793 quae
1624 761 1641 782 a
1666 750 1818 783 Romanis
1844 750 1926 783 Pon-

1186 802 1324 835 tificibus
1352 803 1661 846 praedecessoribus
1683 803 1815 842 nostris,
1832 803 1927 836 stabi-

1184 856 1312 889 liendae
1337 856 1424 889 inter
1455 856 1627 899 religiosos
1651 856 1738 889 viros
1765 867 1781 889 a
1806 855 1925 889 saeculi

1184 910 1285 942 turbis
1309 915 1498 952 segregatos
1520 915 1551 942 et
1572 910 1728 943 Altissimi
1759 909 1924 954 obsequiis

1183 962 1242 994 sub
1284 963 1439 995 laudabili
1483 963 1656 996 strictioris
1695 963 1923 996 observantiae

1182 1015 1328 1049 instituto
1361 1016 1507 1049 addictos
1530 1016 1774 1060 tranquillitatis
1803 1016 1922 1057 studio,

1182 1070 1316 1112 provide
1348 1075 1443 1113 atque
1480 1070 1649 1113 sapienter
1685 1070 1860 1103 constituta
1893 1076 1923 1103 et

1182 1122 1332 1155 ordinata
1357 1134 1428 1156 esse
1453 1129 1645 1164 noscuntur,
1671 1127 1705 1157 ut
1728 1122 1820 1156 firma
1845 1133 1923 1156 sem-

1181 1186 1240 1218 per
1266 1182 1360 1219 atque
1386 1176 1509 1209 illibata
1535 1181 1724 1216 serventur,
1751 1176 1922 1219 apostolici

1180 1229 1333 1272 praesidii
1370 1230 1472 1263 nostri
1506 1230 1690 1273 patrocinio
1708 1257 1715 1270 ,
1741 1240 1814 1262 cum
1848 1230 1879 1262 id
1906 1241 1923 1263 a

1180 1283 1276 1316 nobis
1301 1282 1441 1326 petitur,
1468 1284 1608 1317 libenter
1642 1284 1899 1317 corroboramus
1915 1310 1922 1324 ‚

1181 1336 1323 1380 illisque,
1348 1348 1388 1370 ne
1425 1337 1599 1370 temerario
1625 1338 1815 1381 cuiusquam
1843 1347 1923 1370 ausu

1179 1390 1351 1431 violentur,
1371 1402 1468 1424 novas
1495 1392 1679 1424 sanctiones
1705 1390 1921 1434 adiungimus,

1179 1443 1263 1476 sicut
1276 1444 1492 1487 conspicimus
1508 1444 1539 1477 in
1556 1444 1694 1478 Domino
1711 1443 1830 1477 rationi
1852 1454 1921 1478 esse

1179 1502 1448 1530 consentaneum.

1221 1551 1236 1593 g
1262 1550 1293 1583 1.
1320 1550 1406 1584 Alias
1432 1551 1594 1594 siquidem
1627 1562 1687 1594 pro
1720 1557 1813 1595 parte
1845 1556 1920 1584 tune
1956 1559 2057 1585 Epilogus
2080 1559 2115 1580 di-
2157 1551 2160 1553 ’

1930 1589 1976 1606 ctae
2011 1589 2114 1606 constitu·

1178 1603 1382 1636 existentium
1408 1604 1527 1647 prioris
1552 1604 1685 1638 maioris
1713 1605 1827 1638 domus
1845 1604 1919 1638 Car·
1930 1613 2007 1636 tionis·
2027 1619 2068 1639 qua
2084 1613 2114 1633 ἰυ-

1929 1639 2040 1660 teratu-nur
2050 1641 2115 1659 onnus

1178 1657 1304 1690 tliusiae
1341 1657 1660 1702 Gratianopolitanae
1696 1659 1855 1692 dioecesis
1887 1664 2006 1692 et111vi>i0
2023 1666 2113 1686 momi-

1928 1699 1953 1712 ut·
1966 1709 1970 1716 ,
1985 1693 2023 1713 sub
2039 1694 2113 1719 [ruanis

1177 1710 1382 1744 definitorum
1420 1712 1551 1755 capituli
1589 1712 1751 1755 generalis
1788 1712 1917 1745 Ordinis
1927 1720 2113 1767 ffiffltjsiffiiongt

1175 1763 1415 1797 Cartlmsiensis
1441 1765 1545 1798 felicis
1576 1765 1811 1798 recordationis
1836 1764 1915 1798 Iulio
2108 1762 2113 1767 “

1176 1817 1263 1860 Papa
1287 1817 1312 1850 II
1337 1818 1582 1861 praedecessori
1608 1825 1724 1852 nostro
1751 1819 1914 1862 exposito,

1175 1871 1276 1913 quod,
1300 1871 1377 1904 licet
1401 1882 1515 1905 omnes
1547 1872 1660 1905 domus
1685 1872 1763 1905 dicti
1788 1872 1918 1906 Ordinis

1175 1925 1254 1957 citra
1280 1930 1311 1958 ct
1335 1926 1421 1958 ultra
1446 1931 1572 1959 montes
1610 1936 1646 1958 ac
1681 1926 1820 1959 ubilibet
1845 1926 1918 1960 exi-

1174 1981 1315 2018 stentes,
1342 1978 1536 2022 illarumque
1561 1980 1732 2022 religiosi,
1759 1979 1819 2012 sub
1852 1982 1917 2013 una

1173 2032 1363 2065 obedientia
1393 2033 1546 2066 videlicet
1570 2034 1692 2076 prioris
1714 2039 1745 2067 et
1770 2033 1916 2067 definito-

1173 2096 1244 2118 rum
1269 2086 1515 2128 praedictorum
1547 2087 1744 2128 existerent,
1777 2092 1810 2120 et
1833 2097 1914 2131 quos

1172 2149 1235 2170 una
1265 2138 1384 2181 religio
1421 2150 1458 2171 ac
1494 2139 1710 2183 professionis
1747 2140 1913 2174 vinculum

1173 2191 1370 2234 alligaverat,
1398 2194 1487 2225 nulla
1513 2193 1696 2233 aemulatio,
1715 2195 1804 2226 nulla
1820 2204 1915 2237 prae-

1172 2245 1299 2278 sidendi
1325 2246 1472 2286 ambitio,
1492 2251 1547 2278 aut,
1573 2246 1705 2289 quaevis
1731 2247 1793 2279 alia
1817 2257 1913 2279 causa

1171 2300 1211 2332 ab
1232 2299 1370 2332 invicem
1391 2310 1542 2342 separare
1568 2299 1741 2339 debuisset,
1761 2301 1819 2333 sed
1837 2300 1914 2333 cha-

1172 2352 1274 2385 ritatis
1291 2352 1455 2385 vinculum
1471 2352 1503 2385 in
1522 2352 1645 2385 unitate
1660 2353 1748 2396 pacis
1766 2363 1823 2385 eos
1837 2364 1913 2386 con-

1170 2416 1322 2448 servare3
1349 2406 1585 2447 nihilominus,
1613 2406 1747 2439 humani
1780 2405 1911 2449 generis

1206 2505 1215 2530 1
1240 2503 1327 2530 Priori
1348 2502 1531 2530 Carthusiensi
1546 2502 1647 2530 factum
1662 2502 1714 2530 fuit
1730 2506 1908 2540 praeceptum

1169 2556 1223 2575 non
1244 2548 1411 2583 egrediendi,
1433 2548 1540 2575 constit.
1561 2554 1679 2581 tutamen,
1700 2548 1743 2576 die
1763 2549 1780 2575 4
1798 2557 1911 2576 novem-

1169 2593 1235 2625 bris,
1256 2593 1351 2628 pontif.
1373 2599 1409 2626 113
1431 2596 1457 2619 et
1476 2592 1502 2619 iu
1522 2592 1665 2619 Clementis
1685 2593 1716 2620 Xl
1737 2593 1843 2621 constit.
1866 2593 1910 2620 ed.

1169 2644 1289 2672 iinccxu,
1307 2637 1349 2664 die
1369 2644 1387 2664 11
1407 2637 1482 2672 maii,
1499 2637 1593 2673 pontif.
1615 2645 1664 2672 xu,
1685 2638 1845 2666 interdictus
1861 2638 1911 2666 fuit

1169 2690 1230 2709 esus
1250 2681 1382 2709 carnium.
