2254 3225
233 236 281 262 An.
301 235 328 260 (Ι,
354 235 418 260 tt'islss

260 1671 379 1692 tilaukulde.

464 225 528 260 „390

422 284 617 317 Gulielmum
644 282 782 317 Beccard
811 289 841 317 et
873 283 1040 317 Nicolaum
1066 282 1159 316 Potin

422 337 461 370 de
475 336 694 378 observantia,
715 347 749 369 ac
775 336 987 381 Hyacinthum
1004 335 1160 369 Lefebure

421 389 678 425 Recoltectorum
695 390 874 434 respective
899 390 1033 422 fratrum
1056 388 1159 421 natio-

420 443 471 476 nis
502 449 534 476 et
557 443 686 477 Ordinis
722 443 910 476 huiusmodi
946 442 1158 486 p1·osessoreS‚

423 496 461 530 de
487 507 623 540 quorum
643 497 714 536 fide,
741 496 923 539 prudentia,
941 505 1049 528 rerum
1067 504 1160 537 agen-

422 549 534 582 darum
551 560 622 589 usu,
641 550 771 592 pietate,
789 548 985 591 integritate,
1002 547 1160 580 charitate

422 607 453 635 et
477 602 646 646 religionis
671 603 739 635 zelo
763 602 892 644 plenam
915 600 948 633 in
972 599 1109 633 Domino
1126 599 1161 632 fi-

422 656 549 689 duciam
571 655 736 694 habemus,
759 653 915 697 praedicti
940 653 1068 687 Ordinis
1089 651 1162 685 defi.

421 709 544 742 nitores
569 709 738 750 generales
763 717 821 750 pro
839 707 1014 740 memorata
1031 705 1161 739 natione

422 761 541 794 Gallica
564 770 668 804 usque
694 760 733 793 ad
759 759 905 803 proxime
931 760 1078 792 futurum
1111 769 1163 792 ea-

422 814 558 858 pitulum
578 814 730 856 generale
749 813 897 846 ciusdem
918 812 1049 846 Ordinis
1074 812 1163 845 dura.

423 872 520 906 turos,
547 877 619 900 cum
652 867 802 900 omnibus
830 871 861 899 et
885 866 1023 909 singulis
1047 875 1163 909 praee-

421 920 609 960 minentiis,
647 919 902 963 praerogativis,
938 918 1162 957 facultatibus,

422 973 627 1013 auctoritate,
654 973 842 1016 privilegiis,
868 972 978 1015 gratiis
1004 976 1036 1005 et
1059 971 1162 1004 indul-

423 1026 472 1064 tis,
497 1036 534 1058 ac
559 1025 741 1058 honoribus
767 1031 798 1058 et
822 1025 978 1058 oneribus
1005 1023 1110 1057 solitis
1132 1030 1162 1055 et

422 1077 596 1116 consuetis,
625 1077 705 1109 itaut
730 1077 791 1120 ipsi
819 1077 925 1109 officia
957 1075 1161 1109 definitorum

423 1129 626 1172 generalium
654 1129 838 1163 huiusmodi
865 1139 966 1172 usque
1003 1129 1043 1162 ad
1074 1128 1161 1161 idem

423 1183 570 1226 proxime
611 1182 754 1215 futurum
794 1182 969 1226 capitulum
1009 1182 1162 1225 generale

423 1246 535 1278 gerere
562 1240 593 1268 et
618 1245 770 1268 exercere
796 1235 897 1268 libere
913 1262 920 1275 ,
945 1235 1031 1268 licite
1056 1240 1087 1268 et
1111 1245 1164 1268 va-

423 1289 489 1322 lide
515 1289 642 1333 possint
666 1294 698 1322 et
721 1289 848 1321 valeant
884 1288 916 1321 in
949 1288 1099 1321 omuibus
1133 1294 1165 1320 et

423 1352 482 1386 per
505 1342 623 1381 omnia,
642 1341 778 1385 perinde
804 1352 840 1374 ac
858 1341 883 1374 si
902 1340 960 1374 ad¹
978 1341 1034 1374 illa
1057 1341 1090 1374 in
1116 1352 1165 1375 ca-

423 1395 528 1438 pitulo
561 1395 705 1438 generali
739 1394 815 1428 dicti
840 1394 968 1428 Ordinis
1001 1394 1039 1427 de
1064 1395 1164 1438 pleno

424 1448 581 1481 vocalium
602 1458 774 1488 consensu,
800 1447 998 1490 servatisque
1015 1447 1165 1480 omnibus

425 1501 599 1540 servandis,
610 1500 763 1534 canonice
782 1500 875 1534 electi
894 1501 1165 1540 fuissent‚eadem

426 1555 630 1595 auctoritate,
658 1554 771 1586 harum
797 1553 881 1586 serie
906 1563 1064 1592 creamus,
1089 1553 1166 1586 saci-

426 1618 506 1646 mus,
533 1618 569 1640 ac
592 1607 817 1640 constituimus
842 1611 875 1639 et
899 1606 1105 1650 deputamus.

471 1661 485 1704 ξ
510 1660 542 1694 9.
566 1661 794 1700 Decernentes‚
821 1660 951 1693 easdem
976 1665 1165 1704 praesentes

426 1714 551 1748 litteras
577 1725 706 1758 semper
731 1714 847 1755 tirmas,
865 1714 985 1747 validas
1010 1719 1041 1747 et
1061 1714 1167 1747 effica-

427 1779 481 1801 ces
507 1768 645 1801 existere
671 1773 702 1800 et
726 1767 811 1808 sore,
837 1777 977 1811 suosque
1002 1767 1166 1810 plenarios

428 1826 460 1853 ct
483 1821 627 1863 integros
653 1819 782 1853 effectus
818 1819 927 1853 sortiri
953 1825 984 1853 et
1009 1819 1165 1859 obtinere,

428 1884 463 1906 ac
487 1874 563 1911 illis‚
578 1874 617 1906 ad
642 1883 724 1917 quos
748 1878 873 1916 spectat
889 1878 920 1906 et
937 1883 995 1916 pro
1021 1878 1167 1916 tempore

428 1927 701 1970 quandocumque
727 1926 900 1970 spectabit,
920 1926 951 1958 in
970 1927 1121 1959 omnibus
1137 1932 1169 1959 et

428 1985 487 2022 per
513 1979 621 2011 omnia
646 1978 836 2022 plenissime
862 1977 1039 2021 suffragari,
1066 1984 1097 2012 et
1128 1979 1168 2011 ab

430 2033 475 2064 eis
494 2032 671 2074 respective
689 2031 964 2064 inviolabiliteret
977 2031 1168 2064 inconcusse

431 2084 592 2118 observari
619 2090 650 2117 ct
675 2084 864 2126 adimpleri,
902 2084 1012 2127 sicque
1045 2089 1077 2116 et
1105 2094 1168 2117 non

431 2138 525 2171 {diter
561 2138 592 2169 in
629 2137 816 2180 praemissis
853 2147 911 2180 per
946 2147 1168 2181 quoscumque

431 2190 555 2223 iudices
581 2190 763 2222 ordinarios
801 2195 832 2222 et
865 2190 1046 2232 delegatos,
1072 2191 1168 2223 ctiam

432 2254 597 2276 causarum
620 2243 729 2286 palatii
748 2243 917 2286 apostolici
937 2244 1115 2284 auditores,
1135 2255 1168 2276 ae

432 2297 462 2330 S.
484 2296 520 2329 R.
540 2296 573 2328 E.
594 2295 776 2328 cardinales
803 2297 841 2328 de
867 2297 968 2329 latere
994 2298 1119 2339 legatos
1140 2303 1172 2329 ct

433 2350 539 2382 dictae
564 2348 653 2381 Sedis
679 2349 824 2388 nuntios,
847 2354 879 2381 et
902 2349 981 2381 alios
1006 2350 1171 2392 quoslibet

433 2411 637 2446 quacmnque
662 2401 919 2444 praeeminentia
948 2407 979 2433 et
1013 2407 1171 2444 potestate

435 2456 608 2497 fungentes
645 2459 676 2486 et
712 2453 886 2491 suncturos,
921 2455 1047 2487 sublata
1072 2454 1117 2487 eis
1142 2460 1195 2486 ct»

435 2519 547 2541 eorum
573 2507 703 2540 cuilibet
729 2507 840 2550 quavis
876 2507 970 2539 aliter
1003 2507 1170 2539 iudicandi

436 2567 465 2594 et
488 2559 724 2603 interpretandi
751 2559 900 2592 facultate
927 2565 958 2592 et
975 2559 1172 2601 auctoritate,

474 2624 482 2649 1
506 2621 573 2653 Male
589 2621 653 2648 edit.
672 2621 753 2648 Maia.
770 2621 833 2655 legit
851 2621 884 2647 u'e
900 2629 948 2657 pro
964 2621 1002 2648 act
1017 2623 1052 2655 (It.
1071 2621 1119 2657 T.)-

1004 233 1181 259 BULLAmUM
1206 232 1359 257 ROMANUM
1662 239 1665 242 “
1752 243 1767 260 ιι
1808 249 1810 253 ν
1845 252 1855 259 ..

1202 281 1336 314 iudicari
1366 286 1397 314 et
1420 280 1546 314 definiri
1572 281 1690 314 debere
1705 308 1713 322 ,
1747 291 1784 314 ae
1808 280 1935 314 irritum

1203 338 1235 367 et
1258 335 1364 374 inane,
1378 335 1402 366 si
1427 344 1517 367 secus
1535 344 1632 377 super
1655 334 1707 367 bis
1725 344 1742 367 a
1758 344 1934 377 quoquam,

1202 386 1312 430 quavis
1338 386 1542 427 auctoritate,
1562 388 1704 420 scienter
1721 387 1769 420 vel
1786 388 1937 430 ignoran-

1203 444 1259 480 ter,
1285 439 1458 482 contigerit
1483 440 1643 473 attentari.

1945 233 1992 259 An.
2009 232 2037 259 c.
2061 216 2137 259 περί

1246 492 1260 535 ξ
1284 492 1338 525 10.
1364 492 1432 526 Non
1457 492 1660 526 obstantibus
1684 494 1880 536 praemissis,
1901 505 1937 528 ac
1973 486 2139 526 conum-iorum*

1202 545 1486 578 constitutionibus
1516 550 1548 579 et
1572 545 1832 580 ordinationibus
1860 557 1938 590 apo-

1202 598 1336 639 stolicis,
1353 608 1491 638 necnon,
1505 603 1665 642 quatenus
1681 609 1763 643 opus
1781 599 1828 641 sit,
1846 611 1939 643 prae-

1204 650 1363 684 dictorum
1397 651 1535 692 Ordinis,
1571 653 1724 694 nationis,
1757 653 1939 696 provincia-

1203 713 1284 743 rum,
1304 710 1531 745 conventuum,
1549 706 1819 739 monasteriorum
1837 712 1869 740 ct
1886 707 1940 741 do-

1203 766 1327 789 morum
1364 757 1571 800 regularium,
1598 758 1735 802 aliisque
1761 759 1936 802 quibusvis,

1204 809 1299 841 etiam
1324 809 1517 850 iuramento,
1542 810 1787 845 confirmatione
1811 817 1940 856 aposto·

1205 861 1274 902 lica,
1293 863 1342 894 vel
1362 863 1473 906 quavis
1498 862 1650 897 firmitate
1675 864 1739 897 alia
1762 865 1937 905 roboratis,

1205 914 1331 947 statutis
1357 920 1389 947 et
1411 916 1702 950 consuetudinibus
1717 944 1725 957 ,
1761 917 1940 961 privilegiis

1205 977 1347 1010 quoque,
1374 967 1507 1000 indultis
1533 974 1565 1001 et
1599 969 1718 1003 litteris
1741 971 1939 1013 apostolicis,

1205 1019 1267 1052 illis
1296 1030 1474 1063 eorumque
1499 1022 1725 1065 superioribus
1745 1028 1775 1056 et
1792 1024 1938 1066 personis

1205 1072 1378 1115 quibusvis,
1404 1073 1462 1106 sub
1487 1074 1742 1118 quibuscumque
1766 1076 1940 1109 verborum

1205 1125 1374 1158 tenoribus
1399 1131 1431 1159 et
1455 1126 1578 1168 formis,
1605 1137 1641 1160 ac
1671 1138 1743 1160 cum
1777 1129 1941 1172 quibusvis

1206 1179 1299 1212 ctiam
1318 1179 1595 1222 derogatoriarum
1614 1181 1838 1224 derogatoriis‚
1858 1182 1943 1216 aliis-

1206 1242 1268 1275 que
1295 1232 1540 1274 essicacioribus,
1576 1234 1806 1269 efficacissimis
1840 1240 1871 1269 et
1894 1236 1943 1269 in-

1207 1286 1311 1319 solitis
1326 1286 1478 1320 clausulis
1494 1291 1524 1321 et
1541 1287 1687 1327 decretis,
1702 1288 1735 1321 in
1754 1299 1874 1332 genere
1890 1290 1942 1323 vel

1207 1339 1239 1372 in
1265 1340 1387 1382 speeie,
1408 1339 1503 1373 ctiam
1521 1340 1796 1382 consistorialiter,
1815 1347 1846 1375 et
1862 1342 1942 1376 alias

1207 1393 1454 1436 quomodolibet
1479 1393 1511 1426 in
1533 1395 1729 1428 contrarium
1755 1396 1944 1439 praemisso-

1209 1456 1279 1478 rum
1305 1446 1550 1489 quomodolibet
1573 1448 1749 1488 concessis,
1774 1448 1945 1482 confirma-

1208 1498 1258 1537 tis,
1282 1509 1318 1531 ac
1343 1498 1464 1542 pluries
1487 1500 1674 1543 approbatis
1700 1505 1729 1533 et
1762 1501 1942 1541 innovatis,

1209 1551 1325 1594 quibus
1349 1552 1497 1585 omuibus
1522 1557 1552 1585 et
1577 1553 1724 1595 singulis,
1744 1553 1867 1586 etiamsi
1884 1564 1944 1597 pro

1210 1605 1340 1638 illorum
1365 1604 1537 1638 sufficienti
1570 1605 1780 1648 derogatione
1813 1606 1851 1639 de
1881 1606 1945 1640 illis

1209 1668 1387 1702 eorumque
1413 1658 1487 1691 totis
1513 1659 1677 1691 tenoribus
1694 1659 1855 1702 specialis,
1873 1670 1945 1702 spe-

1209 1711 1310 1752 cifica,
1337 1722 1489 1755 expressa
1506 1716 1536 1745 et
1552 1711 1729 1753 individua,
1754 1723 1819 1745 non
1839 1719 1945 1746 autem

1209 1775 1270 1808 per
1294 1765 1453 1797 clausulas
1477 1765 1644 1806 generales
1662 1765 1746 1798 idem
1767 1765 1947 1808 importan-

1211 1824 1270 1858 tes‚
1295 1817 1416 1851 mentio
1440 1828 1497 1850 seu
1529 1818 1660 1860 quaevis
1693 1817 1754 1850 alia
1779 1819 1946 1862 expressio

1211 1871 1369 1910 habenda,
1392 1875 1447 1902 aut
1467 1869 1572 1913 aliqua
1588 1870 1651 1903 alia
1668 1870 1825 1913 exquisita
1846 1871 1948 1905 forma

1210 1923 1249 1957 ad
1275 1923 1338 1956 hoc
1363 1923 1520 1955 servanda
1542 1922 1634 1964 soret,
1653 1922 1784 1956 illorum
1803 1924 1947 1957 omnium

1211 1982 1242 2010 et
1265 1977 1465 2019 singulorum
1490 1980 1631 2015 tenores,
1658 1986 1769 2009 causas
1799 1982 1831 2009 et
1855 1988 1947 2010 occa-

1211 2030 1318 2062 siones
1343 2028 1568 2072 praesentibus
1599 2038 1659 2071 pro
1684 2029 1781 2072 plene
1808 2034 1839 2062 et
1863 2029 1949 2062 suffi-

1211 2083 1334 2115 cienter
1369 2081 1547 2124 expressis,
1585 2081 1733 2121 insertis,
1760 2082 1892 2115 servatis
1918 2089 1950 2115 ct

1212 2134 1401 2179 spcciticatis
1438 2134 1615 2178 respective
1659 2134 1836 2176 babentes,
1886 2135 1948 2169 illis

1212 2190 1290 2222 alias
1327 2189 1359 2221 iu
1396 2198 1453 2221 suo
1489 2189 1608 2221 robore
1640 2189 1875 2231 permansuris,
1910 2189 1949 2222 ad

1213 2241 1461 2286 praemissorum
1486 2240 1644 2280 effectum,
1664 2241 1724 2273 hae
1740 2241 1806 2273 vice
1829 2241 1951 2274 dumta-

1213 2301 1274 2334 xat,
1300 2294 1484 2338 specialiter
1508 2298 1539 2325 et
1564 2303 1717 2335 expresse
1744 2293 1947 2336 derogamus,

1214 2354 1243 2382 et
1269 2348 1458 2390 derogatum
1485 2356 1555 2379 esse
1576 2347 1744 2388 volumus;
1771 2347 1949 2392 ceterisque

1214 2400 1382 2435 contrariis
1406 2399 1672 2443 quibuscumque.

1258 2455 1272 2496 ξξ
1293 2454 1344 2486 Η.
1362 2454 1513 2486 Volumus
1528 2459 1632 2485 autem
1648 2459 1692 2493 ut,
1710 2454 1792 2486 intra
1810 2459 1950 2498 quatuor

1215 2518 1343 2541 meuses
1369 2507 1546 2551 proximos,
1573 2507 1702 2540 nomine
1728 2518 1951 2550 quarumcum-

1216 2572 1277 2605 que
1303 2570 1514 2604 personarum
1533 2559 1683 2599 nationis,
1702 2560 1949 2603 provinciarum,

1216 2618 1442 2653 conventuum,
1468 2613 1738 2646 monasteriorum
1776 2619 1807 2646 et
1842 2613 1952 2647 domo-

1948 531 2065 556 derogatio.

2000 2460 2063 2481 futes
2086 2462 2143 2481 tran-

1961 2490 2096 2514 sumptorum.
