2254 3225
230 253 277 278 Λιι.
297 254 324 278 c.
350 253 417 280 μω
463 244 526 278 540
999 247 1176 281 nmina-u
1201 257 1354 282 nomnen

422 302 550 346 liusque
586 302 738 338 fratribus
763 308 794 339 et
821 295 907 339 loci}
939 316 998 349 per
1029 317 1088 339 nos
1125 311 1156 339 et
1176 305 1178 338 l
1199 305 1368 340 dimendos
1386 297 1602 349 transmissis,
1618 314 1649 342 et
1668 300 1818 354 capitulis
1834 300 1930 353 gene„-

421 355 536 390 Sedem
562 358 708 391 eamdem
727 359 848 402 pariter
864 359 999 392 concedi
1021 364 1053 392 et
1070 370 1156 392 corn-
1198 359 1333 401 ralibus,
1360 361 1509 404 personis
1545 362 1758 405 regularibus
1789 362 1927 402 novitiis,

420 410 603 444 municari:
639 422 697 445 nos
733 417 907 455 propterca
943 412 1026 445 idem
1066 413 1154 446 Felix
1196 414 1378 455 conversis,
1411 415 1559 456 donatis,
1587 416 1727 456 oblatis,
1751 416 1927 457 ministris,

419 469 610 506 procurator
633 465 794 508 generalis
831 465 1001 498 humiliter
1032 467 1154 510 suppli·
1196 465 1336 506 familiis,
1363 467 1552 510 cunctisque
1578 472 1641 500 tam
1666 467 1840 508 officiariis,
1864 474 1927 502 tam

419 516 484 549 cari
509 517 585 550 fecit
608 523 644 550 ut
679 518 710 550 in
747 518 933 561 praemissis
969 524 1152 563 opportune
1195 518 1405 559 domesticis,
1434 524 1466 552 et
1501 530 1615 552 eorum
1650 520 1797 553 domibus
1826 520 1928 553 inser-

418 570 590 613 providere
616 576 647 603 et
671 576 706 603 ut
729 571 811 604 infra
836 571 1007 615 indulgere
1034 573 1072 606 de
1096 573 1153 606 be-
1171 594 1175 615 ,¹
1193 571 1368 611 vientibus,
1403 577 1434 604 ct
1459 572 1576 605 ceteris
1608 572 1683 605 dicti
1715 573 1844 606 Ordinis
1860 600 1867 613 ,
1891 583 1928 606 ac

417 622 575 665 nignitate
600 623 776 666 apostolica
800 624 1022 667 dignaremur.
1170 617 1278 665 fillius
1303 624 1475 656 domorum
1502 629 1532 657 et
1556 625 1751 667 regularium
1782 626 1927 658 locorum

460 677 475 720 ξ
498 676 528 709 02.
552 677 613 710 Nos
633 677 740 720 igitur,
758 677 912 710 Ordinem
936 679 1149 722 praedictum,
1170 669 1342 719 'personis
1379 676 1638 720 quibuscumque
1677 688 1737 721 pro
1777 682 1927 721 tempore

418 739 454 761 ex
480 740 544 772 quo
568 729 722 762 uberrimi
742 730 863 762 fructus
885 731 916 762 in
934 731 1078 764 Ecclesia
1095 732 1150 764 Dei
1192 730 1413 770 existentibus,
1438 741 1565 763 necnon
1591 731 1756 774 quibusvis
1772 731 1841 764 aliis
1858 742 1927 775 per-

1939 259 1987 286 Αη.
2007 259 2034 287 C.
2053 260 2119 288 1693

236 693 349 714 Concessio
364 699 406 715 am-

221 721 315 746 plissima
339 721 406 741 dicto-

222 753 266 766 rum
284 747 406 772 privilegio-

240 780 276 802 ¹¹¹¹.
293 775 314 793 et
337 774 405 794 indul-

221 802 347 825 nuntiarum.

415 781 454 813 ad
479 781 567 814 illius
592 782 720 814 laudem
752 787 784 815 et
815 782 1012 815 christianae
1044 784 1150 827 reipu-

413 834 518 867 blicae
535 844 663 868 necnon
681 835 824 868 fidelium
846 836 1045 879 captivorum
1063 847 1149 869 com-

412 887 543 920 modum
568 893 600 920 et
619 887 791 921 utilitatem
806 888 837 920 in
857 888 925 921 dies
943 890 1148 932 proveniunt,

411 938 603 973 firmissimis
627 941 798 984 praesidiis
824 942 943 974 vallare
961 942 1148 975 desideran-

411 998 470 1033 tes,
489 994 660 1038 ipsumque
678 995 820 1028 Felicem
833 1000 1077 1038 procuratorem
1093 1006 1148 1039 ge-

410 1047 554 1080 neralem
575 1053 606 1080 et
623 1048 804 1091 singulares
821 1048 947 1081 Ordinis
964 1049 1058 1081 huius
1075 1060 1148 1092 per-

410 1109 505 1132 sonas
530 1111 547 1133 a
578 1100 742 1143 quibusvis
778 1101 1120 1134 excommunicationis
1137 1129 1144 1143 ,

409 1154 648 1197 suspensionis,
673 1161 703 1188 ct
728 1155 904 1196 interdicti,
927 1155 1063 1199 aliisque
1088 1167 1142 1189 ce-

409 1206 597 1239 clesiasticis
611 1208 791 1247 sententiis,
805 1208 951 1241 censuris
974 1214 1005 1241 ct
1021 1210 1143 1252 poenis,

409 1270 425 1292 a
450 1259 518 1293 iure
544 1261 594 1293 vel
620 1261 657 1293 ab
684 1261 826 1301 homine,
841 1262 951 1305 quavis
976 1262 1143 1295 occasione

407 1313 457 1345 vel
483 1315 578 1346 causa
602 1314 685 1355 latis,
712 1314 738 1347 si
764 1315 880 1358 quibus
898 1316 1145 1358 quomodolibet

407 1365 582 1399 innodatae
609 1368 770 1408 existunt,
801 1369 840 1401 ad
866 1369 1013 1401 effectum
1051 1380 1144 1412 prae-

406 1419 547 1451 sentium
563 1420 726 1453 dumtaxat
738 1422 1014 1464 consequendum,
1028 1423 1142 1455 harum

406 1473 489 1506 serie
515 1474 720 1507 absolventes
747 1481 778 1508 et
803 1476 967 1508 absolutas
987 1477 1052 1509 sore
1068 1487 1143 1509 cen-

405 1531 523 1566 sentes,
550 1527 737 1560 huiusmodi
769 1529 1059 1572 supplicationibus
1096 1530 1163 1562 in-‹

405 1579 525 1621 clinati,
552 1580 590 1612 de
609 1580 843 1613 venerabilium
862 1581 996 1614 fratrum
1016 1587 1138 1616 nostro-

405 1642 477 1665 rum
502 1632 533 1665 S.
560 1632 597 1665 R.
624 1633 659 1665 E.
688 1633 900 1667 cardinalium
937 1635 1075 1677 negotiis
1111 1641 1140 1668 et

404 1686 698 1719 consultationibus
728 1688 956 1730 episcoporum
981 1693 1012 1721 ct
1044 1700 1140 1731 regu-

402 1738 517 1771 larium
532 1739 796 1783 praepositorum
811 1741 959 1781 consilio,
971 1747 999 1774 et
1018 1745 1139 1774 attenta

402 1791 560 1824 relatione
585 1793 781 1825 venerabilis
800 1793 908 1827 fratriS
926 1795 1025 1827 nostri
1045 1795 1139 1827 Aide-

401 1844 472 1877 rani
490 1845 633 1888 episcopi
660 1845 800 1887 Ostiesis,
829 1847 974 1880 eiusdem
997 1848 1027 1880 S.
1047 1848 1082 1880 P..
1103 1849 1136 1881 E.

402 1898 591 1939 cardinalis,
615 1898 700 1942 Cybo
723 1901 912 1943 nuncupati,
936 1901 1063 1933 Ordinis
1089 1913 1140 1934 su-

402 1951 539 1994 pradicti
567 1952 652 1995 apud
677 1962 736 1985 nos
758 1958 790 1985 et
806 1954 922 1986 Sedem
941 1955 1139 1997 praedictam

401 2005 607 2047 protectoris,
618 2015 716 2048 super
728 2007 915 2049 praemissis
935 2007 1058 2040 eisdem
1074 2019 1139 2041 car-

403 2058 565 2091 dinalibus
590 2059 690 2099 faeta,
729 2060 834 2092 eidem
859 2059 968 2092 Ordini
1006 2061 1139 2094 fratrum

402 2111 455 2145 SS.
482 2112 644 2145 Trinitatis
669 2113 902 2156 redemptionis
926 2113 1138 2157 captivorum,

403 2165 555 2208 illiusque
582 2166 730 2198 domibus
755 2172 787 2198 et
818 2167 1022 2208 regularibus
1058 2169 1138 2201 locis

403 2219 462 2251 sub
480 2219 536 2252 illo
557 2220 812 2262 comprehensis,
832 2230 958 2253 necnon
978 2222 1138 2264 superiori

404 2272 548 2316 generali
573 2283 633 2316 pro
660 2279 804 2316 tempore
831 2273 1001 2314 existenti,
1029 2273 1139 2307 delini-

405 2326 528 2360 toribus
552 2331 583 2359 et
606 2326 871 2369 procuratoribus
905 2327 1137 2369 generalibus,

402 2380 571 2420 visitatori,
591 2380 842 2419 consultoribus,
860 2379 1028 2420 assessori,
1047 2391 1138 2423 supe-

403 2433 613 2477 rioribusque
646 2433 898 2476 provincialibus
935 2437 965 2467 et
999 2444 1139 2466 conven-

402 2487 557 2527 tualibus,
582 2486 718 2529 aliisque
743 2486 975 2529 cuiuscumque
1000 2487 1138 2519 nominis

404 2539 872 2582 officialibus,superioribus,
906 2549 942 2571 ac
976 2540 1138 2582 religiosis

404 2595 552 2629 omnibus
592 2598 624 2626 et
658 2592 794 2635 singulis
833 2592 865 2624 in
906 2602 944 2625 co
981 2592 1137 2635 professis

403 2648 554 2683 fratribus
580 2657 638 2691 pro
665 2652 811 2691 tempore
845 2646 883 2678 ad
917 2645 1057 2689 captivos
1090 2656 1138 2677 re·

1191 782 1290 823 sonis,
1316 793 1351 814 ac
1376 782 1640 816 christifidelibus
1664 783 1791 817 illorum
1817 785 1923 818 eccle-

1190 835 1254 868 sias
1280 846 1337 868 scu
1363 837 1504 878 capellas
1530 847 1588 879 pro
1615 842 1760 880 tempore
1795 837 1926 870 visitan-

1191 887 1286 928 tibus,
1302 893 1337 920 ut
1361 888 1512 921 omnibus
1532 894 1562 921 et
1579 889 1713 932 singulis
1733 889 1924 933 privilegiis,

1190 940 1412 982 libertatibus,
1439 941 1708 983 immunitatibus,
1746 943 1924 986 exemptio-

1189 992 1294 1033 nibus,
1316 994 1582 1036 praecminentiis
1598 1021 1605 1034 ,
1646 995 1899 1028 antelationibus
1914 1023 1922 1035 ,

1189 1046 1473 1086 concessionibus,
1501 1046 1633 1079 indultis
1666 1052 1697 1080 et
1732 1048 1921 1089 favoribus,

1188 1099 1421 1142 indulgentiis,
1451 1099 1586 1142 aliisque
1621 1101 1855 1143 praerogativis
1892 1106 1923 1134 et

1188 1153 1297 1195 gratiis
1323 1153 1482 1186 universis
1509 1159 1539 1185 et
1563 1153 1696 1196 singulis
1733 1159 1794 1186 tam
1829 1153 1923 1197 spiri-

1187 1205 1326 1239 tualibus
1340 1217 1434 1249 quam
1453 1206 1697 1249 temporalibus,
1716 1207 1852 1250 singulis
1868 1207 1923 1240 do-

1187 1259 1314 1301 mibus,
1346 1260 1557 1293 conventibus
1599 1265 1632 1293 et
1666 1260 1737 1293 aliis
1765 1261 1922 1304 regulari-

1186 1314 1246 1346 bus
1272 1314 1353 1346 locis
1377 1324 1413 1346 ac
1430 1314 1579 1357 personis
1607 1319 1669 1347 tam
1690 1315 1921 1348 canonicorum

1186 1377 1280 1410 quam
1307 1367 1500 1400 clericorum
1524 1367 1719 1410 regularium
1733 1368 1837 1400 ubivis
1860 1368 1922 1401 exi-

1186 1420 1338 1453 stentium
1363 1419 1526 1459 institutis,
1554 1425 1586 1452 et
1609 1430 1675 1453 non
1701 1422 1805 1453 solum
1834 1420 1920 1454 Ordi-

1184 1473 1280 1506 nibus
1321 1473 1508 1506 monasticis
1523 1501 1530 1513 ,
1555 1474 1758 1516 regularibus
1773 1501 1780 1514 ,
1803 1474 1919 1507 Mendi-

1184 1528 1324 1560 cantium
1349 1532 1381 1560 et
1405 1537 1467 1560 non
1494 1527 1754 1568 Mendicantium,
1779 1532 1840 1560 tam
1859 1538 1917 1571 pro

1183 1581 1382 1614 redimendis
1407 1580 1539 1623 captivis
1565 1590 1660 1623 quan]
1685 1581 1762 1613 alias
1788 1591 1917 1623 quomo-

1183 1636 1308 1668 dolibet
1329 1635 1435 1668 eidem
1447 1634 1698 1677 Congregationi
1711 1635 1843 1666 fratrum
1854 1635 1917 1667 Dis-

1182 1690 1398 1722 calceatorum
1424 1687 1499 1719 dicti
1520 1686 1648 1719 Ordinis
1673 1686 1725 1719 SS.
1753 1687 1916 1723 Trinitatis

1182 1740 1415 1784 redemptionis
1441 1740 1662 1782 captivorum,
1688 1740 1838 1783 illiusque
1864 1741 1918 1773 do-

1182 1795 1298 1835 mibus,
1324 1793 1536 1826 conventibus
1557 1798 1588 1825 et
1606 1793 1765 1833 Fratribus,
1787 1803 1916 1828 necnon

1181 1847 1292 1881 Ordini
1310 1847 1421 1879 beatae
1437 1846 1554 1878 Mariae
1572 1846 1611 1878 de
1629 1846 1774 1879 Mercede
1791 1847 1917 1881 redem-

1181 1901 1303 1945 ptionis
1321 1900 1532 1943 captivorum,
1549 1899 1605 1932 sed
1627 1900 1724 1932 etiam
1742 1900 1814 1933 aliis
1836 1900 1917 1933 Con-

1182 1953 1425 1999 gregationibus
1451 1952 1663 1995 regularibus,
1683 1957 1714 1985 et
1738 1953 1915 1997 praecipue

1182 2007 1374 2040 clericorum
1415 2006 1612 2048 regularium
1652 2006 1791 2039 lntirmis
1824 2007 1916 2041 Mini-

1181 2060 1363 2100 strantium,
1383 2064 1413 2091 ct
1437 2059 1669 2094 canonicorum
1688 2059 1916 2103 Congregatio-

1181 2114 1230 2146 nis
1255 2111 1486 2151 Lateranensis,
1512 2112 1565 2144 SS.
1592 2112 1765 2145 Salvatoris
1790 2113 1829 2145 de
1854 2113 1915 2145 no-

1182 2167 1299 2207 nonia,
1325 2177 1361 2199 ac
1386 2166 1482 2198 ctiam
1507 2165 1538 2198 S.
1571 2165 1652 2197 Ruffi
1677 2166 1856 2206 Valentino,
1883 2171 1915 2199 et

1181 2221 1211 2253 S.
1235 2220 1344 2253 Crucis
1369 2219 1582 2262 Colymbriw,
1604 2218 1796 2251 clericorum
1819 2229 1915 2262 regu-

1181 2275 1294 2307 larium
1321 2273 1358 2305 de
1384 2272 1573 2311 Somascha‚
1597 2277 1629 2304 et
1647 2272 1827 2315 Pauperuni
1853 2273 1915 2305 Ma*

1182 2327 1236 2359 tris
1263 2326 1317 2358 Dei
1353 2337 1389 2358 ac
1423 2326 1612 2357 Scholarum
1641 2325 1791 2366 Piarum,
1822 2325 1915 2368 ipsis-

1181 2391 1243 2423 que
1268 2378 1453 2412 monasticis
1472 2377 1795 2420 Oongregationibus,
1816 2377 1914 2412 etiam

1180 2432 1385 2469 Cassinensi,
1414 2430 1548 2473 aliisque
1582 2431 1749 2464 monachis
1784 2436 1814 2464 et
1847 2442 1915 2465 mo-

1182 2486 1328 2519 nasteriis
1359 2485 1390 2517 S.
1426 2484 1612 2525 Benedicti,
1637 2484 1668 2516 S.
1703 2484 1912 2528 Hieronymi,

1181 2538 1358 2571 Carnielitis
1374 2537 1589 2577 Discalceatis‚
1605 2537 1778 2569 conventui
1804 2538 1838 2570 B.
1855 2538 1915 2571 Ma-

1182 2592 1246 2624 riae
1284 2592 1322 2623 dc
1360 2590 1566 2633 Guadtalupe,
1601 2600 1728 2622 necnon
1762 2590 1914 2623 Societati

1181 2646 1260 2685 lesu,
1276 2645 1418 2688 ipsisque
1436 2643 1724 2686 Carthusiensium,
1742 2644 1915 2677 Praemon-
