2254 3225
225 201 259 226 Λιι
290 200 316 225 (ἶ,
340 200 398 225 test}

261 1474 329 1494 CArnT
346 1475 360 1496 l.

240 1501 270 1520 De
281 1502 354 1520 studiis
366 1507 400 1520 μη.

218 1532 305 1551 Γ1111νιμιι·
322 1528 398 1552 profes.

218 1554 300 1573 smil-us
312 1560 330 1574 in
346 1560 400 1575 com-

218 1585 282 1600 inum.

450 192 513 224 21⁶2

414 255 542 282 exactae
568 250 786 292 castigationis
804 251 938 294 strepitu
966 251 1145 294 proficiant.

412 301 540 333 Talibus
564 313 651 345 ergo,
677 313 746 335 cum
773 303 979 347 deliquerint,
1007 314 1147 347 poenam

413 355 452 387 de
471 355 643 388 honestate
666 356 696 388 in
715 357 794 389 alias
816 367 926 389 eorum
951 357 1149 400 praecellen-

415 407 476 440 tiae
502 418 663 442 consonas
689 409 877 441 commutari
904 409 1111 442 consulimus

621 471 799 495 Disriucrm
824 472 934 495 snxrx.

472 513 512 543 De
534 515 663 543 exercitio
685 519 710 543 c!
729 516 899 553 professione
920 514 1084 543 litterarum.

455 566 557 609 Supra
577 572 718 600 montem
737 567 896 599 Christum
914 566 976 598 iam
995 567 1079 597 mole
1097 575 1146 597 re-

411 618 542 660 ligionis
569 621 683 657 erecta,
699 620 881 651 litterarum
904 619 1068 650 lucernam
1095 628 1145 649 ac-

411 672 590 711 cendimus,
607 683 699 716 quam
726 682 761 704 ex
788 671 924 704 instituti
950 670 1059 703 debito
1080 680 1145 702 am-

411 724 509 767 plecti
541 725 789 767 compellimur,
824 734 890 756 non
926 724 1030 756 solum
1071 722 1145 765 quia

411 787 483 809 cum
508 777 639 819 reliquis
665 777 885 819 proximorum
914 776 1008 808 saluti
1042 780 1073 807 et
1098 776 1145 807 in-

411 830 580 862 stituendis
611 829 738 872 populis
775 828 1010 871 mancipemur,
1035 838 1144 860 verum

411 882 508 915 etiam
526 883 620 925 quod,
636 882 676 914 ol]
695 882 836 924 speciale
853 881 1064 924 professionis
1082 882 1145 913 vin—

411 936 527 973 culum,
543 945 614 966 cum
640 934 774 977 paganis
799 939 829 967 et
854 934 1038 976 gentilibus,
1060 933 1144 966 fidei-

411 998 471 1029 que
498 987 727 1025 desertoribus,
744 992 775 1019 et
793 986 824 1019 in
846 989 883 1019 ea
906 997 1002 1029 saepe
1027 992 1144 1018 nutan-

410 1041 495 1072 tibus
510 1040 768 1083 frequentissime
784 1039 1049 1079 ve1·samur‚inter
1062 1050 1143 1082 quos

411 1098 541 1135 oportet
575 1094 688 1126 fratres
726 1098 856 1126 nostros
892 1093 978 1125 iuxta
1008 1093 1144 1134 Aposto-

410 1148 474 1179 lum
499 1147 648 1189 amplecti
675 1157 771 1185 eum,
802 1146 855 1189 qui
885 1146 1062 1179 secundum
1088 1146 1144 1178 do-

410 1199 545 1232 ctrinam
571 1204 630 1238 est,
651 1198 779 1231 fidelem
805 1209 1001 1237 sermonem,
1027 1204 1063 1231 ut
1086 1209 1143 1242 po-

411 1256 515 1283 tentes
540 1251 604 1283 sint
629 1251 794 1284 exhortari
818 1251 848 1283 in
875 1251 1020 1284 doctrina
1044 1253 1139 1291 sana,

410 1309 441 1336 et.
456 1315 512 1336 eos
535 1304 589 1346 qui
610 1305 839 1337 contradicunt
856 1315 999 1347 arguere,
1014 1315 1142 1337 necnon

411 1362 440 1388 ct
458 1356 522 1388 illis
539 1357 696 1389 rationem
719 1357 855 1389 reddere
882 1368 952 1389 cum
979 1358 1017 1390 de
1048 1359 1142 1390 rebus

412 1408 484 1441 fidei
511 1418 746 1452 saepenumero
771 1411 987 1452 postulantur.

454 1472 476 1494 t.
504 1462 543 1494 Ut
567 1473 644 1504 ergo
669 1463 754 1495 iuxta
772 1463 951 1505 praemissa
969 1463 1070 1496 nostri
1087 1463 1144 1496 Or-

411 1515 495 1548 dinis
520 1515 758 1559 professionem
784 1516 983 1559 impleamus,
1001 1522 1033 1549 et
1056 1519 1142 1550 nulla

411 1568 450 1601 sit
474 1569 505 1600 in
531 1580 569 1601 eo
594 1570 721 1609 domus,
744 1569 798 1601 ubi
817 1570 922 1612 aliqua
946 1571 999 1613 pia
1022 1570 1143 1603 littera-

411 1632 479 1653 rum
496 1621 666 1665 disciplina
682 1632 746 1655 non
764 1622 878 1664 vigeat;
895 1623 1057 1665 praesenti
1072 1633 1143 1655 con-

412 1674 577 1707 stitutione
595 1675 799 1707 decernimus
817 1680 851 1707 ut
869 1676 899 1707 in
918 1675 1052 1717 singulis
1072 1687 1142 1719 pro-

410 1727 585 1759 vinciarum
610 1728 761 1771 capituhs
787 1728 998 1770 designentur
1022 1740 1039 1761 a
1065 1729 1141 1761 dcti-

410 1780 528 1813 nitorio
553 1781 661 1813 omnia
686 1781 866 1814 studiorum
892 1792 1028 1824 genera,
1060 1792 1141 1824 quae

410 1833 544 1875 singulis
570 1834 718 1865 domibus
736 1835 914 1866 secundum
941 1845 1048 1866 earum
1067 1845 1142 1877 pos-

410 1885 596 1918 sibilitatem
621 1886 802 1929 expediant,
821 1886 898 1919 itaut
914 1887 945 1919 in
970 1887 1093 1928 magnis
1112 1892 1143 1919 et

410 1938 592 1981 praecipuis
610 1940 842 1972 constituantur
866 1940 1029 1972 doctrinae
1048 1940 1143 1972 scho-

410 1991 553 2031 lasticae,
580 1992 784 2034 expositivae,
810 1998 841 2025 et
865 1993 996 2025 moralis
1021 1993 1143 2026 theolo-

411 2043 480 2085 giae
506 2049 559 2075 aut
582 2044 820 2087 philosophiae,
840 2050 935 2088 prout
959 2051 1140 2088 opportune

412 2098 598 2137 conveniat;
625 2098 657 2130 in
682 2099 792 2141 paucis
824 2104 928 2132 autem
953 2099 1142 2132 collationes

412 2150 450 2183 ad
472 2150 578 2183 minus
596 2156 627 2183 et
641 2152 856 2185 conferentiae
875 2153 1058 2195 theologiae
1076 2163 1143 2186 mo-

412 2202 488 2235 ralis
522 2207 553 2235 et
588 2204 784 2246 expositivae
820 2204 1049 2238 inviolabiliter
1080 2205 1139 2238 ha-

411 2255 562 2288 beantur.

456 2318 490 2341 Π.
517 2308 696 2351 Praecipue
720 2319 796 2342 vero
828 2309 861 2342 in
894 2311 1037 2353 qualibet
1068 2320 1144 2354 pro·

413 2362 518 2394 vincia
541 2372 638 2394 unam
673 2363 785 2395 saltem
819 2363 947 2395 domum
972 2366 1142 2406 praelixam

414 2424 484 2447 esse
509 2413 684 2454 statuimus,
710 2425 790 2457 quae
815 2415 863 2454 sit,
890 2421 921 2447 et
944 2417 1079 2456 gaudeat
1098 2417 1145 2448 iu-

413 2467 502 2499 ribus
527 2467 655 2509 collegii
682 2477 740 2509 pro
772 2468 884 2500 studiis
910 2468 1071 2501 dumtaxat
1096 2480 1145 2501 sa-

415 2529 487 2552 crae
511 2519 705 2561 theologiae,
724 2519 777 2551 ubi
797 2521 857 2553 sub
881 2530 946 2553 uno
972 2527 1093 2553 rectore
1115 2526 1146 2553 et

416 2572 595 2606 studiorum
625 2577 758 2615 regente
794 2573 932 2606 lectores
968 2578 999 2605 et
1035 2575 1145 2607 fratres

986 203 1162 225 nt'tlnxtttt'm
1189 203 1339 226 ltfutxixt'n

1191 252 1366 289 studentes,
1384 250 1563 294 expeditius
1579 262 1672 295 quam
1691 253 1776 295 alibi,
1795 260 1923 289 sanctae

1191 303 1379 345 disciplinae
1405 304 1482 336 dent
1506 315 1651 348 operam,
1682 312 1713 340 et
1736 308 1923 342 uberiorem

1190 356 1317 398 capiant
1343 366 1379 387 ex
1401 357 1436 388 ea
1453 363 1657 399 proventum.

1233 418 1280 440 111.
1308 408 1339 440 lu
1363 409 1535 451 praedictis
1560 411 1708 444 domibus
1727 418 1757 445 et
1777 415 1924 457 collegiis

1188 470 1247 503 pro
1272 462 1360 493 sacra
1399 461 1564 506 theologia
1596 464 1771 507 designatis
1802 468 1922 500 consti-

1189 518 1319 546 tuantur
1343 515 1406 547 duo
1438 516 1578 549 lectores
1610 518 1774 558 matutini,
1800 524 1830 552 et
1860 525 1922 553 ter-

1187 566 1250 599 tius
1270 567 1488 610 vespertinus,
1510 579 1579 601 cum
1597 580 1662 602 uno
1686 571 1840 613 magistro
1862 579 1922 605 stu-

1188 620 1349 661 dcntium;
1365 627 1495 664 quartus
1511 627 1617 655 autem
1635 633 1699 655 non
1717 625 1851 657 addatur
1861 626 1922 658 nisi

1189 674 1294 705 forsan
1320 684 1378 716 pro
1403 675 1549 717 legendis
1578 676 1724 717 artibus,
1753 677 1806 709 ubi
1841 678 1921 711 haec

1187 726 1292 758 studia
1324 727 1419 759 liceat
1450 738 1578 771 quoque
1610 729 1774 762 constitui.
1801 729 1921 768 Quibus

1186 779 1432 821 superaddimus
1458 790 1557 812 unum
1584 780 1714 814 fratrem
1741 787 1920 825 regentem,

1187 831 1241 874 qui
1271 842 1380 864 eumm
1406 833 1584 866 studiorum
1610 834 1788 875 sustineat,
1816 845 1920 879 eaque

1186 884 1383 924 moderetur,
1405 885 1676 928 quemadmodum
1697 887 1857 920 stabilitur
1876 888 1920 920 in-

1187 936 1300 969 ferius.

1229 999 1272 1021 1v.
1299 988 1332 1020 ln
1363 990 1453 1022 nulla
1488 990 1584 1023 domo
1615 991 1722 1024 studia
1756 992 1921 1034 praedicta

1187 1046 1249 1073 tam
1274 1041 1390 1074 artium
1415 1053 1510 1085 quam
1545 1043 1729 1086 theologiae
1761 1045 1921 1087 permitti-

1186 1104 1266 1134 mus,
1293 1094 1356 1126 nisi
1381 1094 1543 1128 sussiciens
1560 1096 1744 1129 auditorum
1768 1107 1921 1131 numerus

1186 1151 1355 1189 suppetat,
1383 1157 1478 1190 quem
1513 1148 1545 1180 in
1577 1154 1716 1192 utroque
1747 1149 1786 1182 ad
1811 1150 1919 1183 minus

1185 1200 1347 1234 senarium
1371 1211 1408 1233 ex
1433 1200 1584 1234 fratribus
1615 1201 1744 1235 Ordinis
1776 1204 1920 1245 postula-

1186 1264 1268 1286 mus.

1228 1317 1259 1340 v.
1278 1306 1516 1347 vainciaIis‘,
1531 1308 1569 1340 ad
1584 1318 1680 1351 quem
1698 1308 1814 1342 attinet
1829 1320 1920 1353 prae-

1187 1358 1288 1391 dictos
1314 1360 1426 1392 fratres
1458 1361 1496 1392 ad
1529 1365 1612 1393 artes
1637 1371 1694 1393 seu
1720 1361 1918 1404 theologiam

1186 1411 1400 1444 addiscendas
1419 1412 1549 1454 eligere,
1568 1413 1617 1446 vel
1639 1414 1733 1446 etiam
1751 1415 1916 1458 magister,

1186 1464 1210 1496 si
1236 1464 1266 1497 id
1291 1464 1464 1507 aliquando
1496 1476 1533 1498 ex
1566 1467 1659 1498 causa
1688 1467 1833 1509 legitima
1857 1468 1917 1501 sibi

1186 1518 1407 1560 assumpserit,
1423 1517 1512 1550 nullo
1543 1518 1642 1551 modo
1667 1529 1723 1551 eos
1749 1520 1787 1552 ad
1813 1521 1919 1554 studia

1186 1571 1329 1612 praefata
1354 1571 1496 1613 deputet,
1513 1571 1573 1603 nisi
1598 1571 1687 1614 prius
1703 1583 1762 1615 per
1778 1574 1918 1607 testimo-

1186 1623 1272 1655 nium
1290 1625 1329 1656 ab
1348 1623 1622 1657 examinatoribus
1640 1631 1813 1659 conventus
1833 1627 1918 1660 exhi·

1186 1676 1284 1708 bitum
1316 1676 1376 1709 sibi
1407 1677 1577 1710 manifeste
1610 1678 1649 1711 de
1679 1677 1807 1711 illorum
1833 1680 1918 1712 suffi-

1185 1728 1302 1761 cientia
1323 1734 1354 1761 et
1378 1729 1554 1772 capacitate
1572 1729 1706 1773 liqueat3
1726 1741 1808 1774 quos
1829 1732 1915 1764 enim

1186 1781 1216 1813 in
1235 1782 1440 1824 grammatica
1457 1792 1523 1814 non
1543 1782 1741 1816 sufficienter
1764 1783 1916 1817 informa-

1185 1840 1234 1867 tos
1260 1835 1431 1874 invenerit,
1457 1835 1546 1868 nullo
1570 1836 1668 1869 modo
1694 1836 1732 1869 ad
1758 1842 1841 1870 artes
1861 1848 1918 1870 au-

1185 1887 1318 1920 diendas
1334 1887 1446 1927 mittat,
1464 1898 1523 1920 nec
1540 1889 1702 1929 similiter,
1724 1899 1804 1932 quos
1822 1889 1854 1923 in
1868 1900 1918 1924 ar-

1186 1941 1268 1974 tibus
1285 1949 1351 1973 non
1369 1940 1444 1973 satis
1461 1940 1635 1974 instructos
1649 1942 1916 1985 deprehenderit,

1186 1993 1352 2026 auditores
1377 1994 1563 2036 theologiae
1589 1995 1780 2035 constituat;
1803 1996 1860 2029 sed
1879 1996 1917 2029 il-

1187 2047 1234 2078 los
1260 2056 1299 2078 eo
1324 2046 1518 2085 transferat,
1545 2047 1600 2079 ubi
1626 2047 1822 2080 sufficientes
1845 2048 1917 2082 red-

1185 2099 1303 2131 dantur
1326 2098 1509 2131 huiusmodi
1528 2099 1742 2139 facultatibus,
1762 2110 1780 2133 a
1800 2100 1915 2144 quibus

1186 2162 1239 2185 eos
1263 2151 1394 2184 omnino
1418 2151 1554 2192 reficiat,
1578 2152 1682 2185 donec
1706 2152 1745 2185 ad
1771 2153 1842 2187 illas
1865 2164 1917 2187 re-

1186 2205 1326 2248 spective
1350 2204 1530 2247 probentur
1553 2204 1675 2237 idonei.

1228 2268 1269 2291 v1.
1296 2258 1334 2290 Ut
1357 2262 1464 2290 autem
1499 2257 1673 2301 disciplina
1705 2259 1735 2290 in
1762 2259 1915 2302 praefatis

1187 2310 1390 2344 auditoribus
1414 2310 1501 2342 nulla
1521 2309 1730 2344 distractione
1754 2311 1915 2355 frigescat,

1187 2363 1502 2398 commendatoribus
1538 2364 1730 2405 statuimus,
1766 2370 1802 2397 ut
1834 2365 1916 2399 nulli

1188 2427 1299 2450 eorum
1332 2416 1363 2449 in
1388 2417 1501 2450 diebus
1531 2417 1681 2450 lectionis
1711 2418 1873 2451 licentiam
1898 2429 1917 2452 a

1188 2470 1284 2503 domo
1309 2469 1498 2513 egrediendi
1522 2469 1710 2511 concedant,
1729 2471 1824 2504 etiam
1845 2482 1918 2504 cum

1188 2523 1252 2555 suis
1276 2523 1462 2562 lectoribus,
1482 2522 1543 2555 nisi
1561 2523 1599 2555 ad
1617 2524 1843 2557 conclusiones
1860 2534 1919 2569 pu-

1225 2586 1236 2611 1
1254 2584 1323 2611 Edit.
1342 2583 1423 2611 Main.
1440 2583 1505 2620 legit
1524 2584 1702 2614 Provinciam
1720 2588 1757 2621 (n.
1774 2587 1821 2621 aa).

1924 208 1972 235 Ani
1995 211 2022 237 C.
2046 211 2110 239 16Οὲ
