2227 3225
107 281 154 305 An.
176 277 204 304 C.
223 276 289 304 1⁴99

132 1983 292 2005 Contrariorum

109 2010 228 2038 derogatio.

878 271 1091 296 INNOCENTIUS
1115 271 1160 294 xit
1185 272 1232 294 FP.

297 331 402 359 torum
429 323 528 363 edito,
555 333 620 366 quo
650 322 837 354 mandatum
866 321 960 353 fuisse
987 321 1035 353 di-

297 377 387 416 citur‚
413 382 448 408 ut
472 376 504 408 in
530 376 642 408 eadem
680 374 941 417 Congregatione
974 373 1036 405 Do-

296 430 418 462 ctrInae
429 429 630 462 Christianae
648 428 792 464 admissi,
812 428 836 459 si
852 438 906 460 cos
929 438 1036 470 quam-

295 483 340 515 vis
352 482 437 515 licite
454 482 527 515 inde
543 482 630 515 exire
646 493 702 514 seu
718 481 841 517 demitti
860 480 1035 522 continget,

297 536 335 568 ab
361 536 514 569 exercitio
540 535 690 569 ordinum
716 535 754 567 ad
788 535 874 568 illius
909 535 1036 567 titulum

296 595 537 633 susceptorum,
566 589 736 632 quamdiu,
763 589 894 632 praevia
925 599 1036 621 eorum

297 643 459 677 Ordinarii
486 644 710 687 recognitione
737 649 767 676 ct
788 643 1035 686 approbatione,

299 702 422 730 tantum
461 698 493 730 in
534 697 714 730 redditibus
756 697 898 729 babeant
938 707 1037 739 quan-

299 756 366 784 tum
403 752 441 784 ad
468 762 644 794 congruam
680 751 823 794 ipsorum
858 750 1038 782 substenta-

299 805 422 837 tionem
437 805 582 843 sufficiat,
601 804 751 847 suspensi
771 808 978 842 remaneant,
1001 814 1037 835 ac

299 857 420 890 iuribus
443 858 575 901 insuper
593 857 639 890 eis
665 857 781 899 agendi
801 863 914 889 contra
935 857 1036 899 ipsam

297 910 603 953 Congregationem,
633 916 808 953 quatenus,
826 911 856 942 iu
877 920 986 942 eorum
1010 920 1038 941 e-

298 963 456 997 iectione¹
479 974 534 996 seu
554 963 751 1004 dimissione,
771 962 1038 1002 so1‘ma,abillius

299 1016 584 1049 constitutionibus
607 1016 713 1060 capite
734 1027 789 1049 vm
808 1017 971 1049 secundae
990 1026 1040 1048 ea-

300 1080 369 1102 rum
407 1070 509 1113 partis
549 1070 773 1112 praescripta,
812 1076 939 1102 servata
973 1080 1038 1102 non

300 1122 436 1162 suisset,
465 1129 497 1156 et
521 1124 598 1156 alias
625 1129 723 1166 prout
748 1124 786 1156 de
817 1124 907 1163 iure,
937 1133 1040 1155 reser-

299 1177 392 1210 vatis.
417 1177 648 1216 Decernentes,
676 1178 761 1220 ipsas
783 1181 972 1220 praesentes
991 1177 1041 1210 lit-

301 1234 386 1263 teras
412 1241 542 1273 semper
560 1230 680 1269 sirmas,
698 1231 819 1263 validas
845 1237 876 1263 et
894 1230 1040 1262 efficaces

300 1279 442 1316 existere
474 1290 505 1316 et
535 1284 612 1324 sore,
639 1295 779 1327 suosque
813 1284 978 1327 plenarios
1011 1288 1043 1315 et

300 1338 445 1380 integros
464 1337 595 1371 effectus
628 1338 736 1370 sortiri
763 1344 794 1370 et
818 1337 980 1377 obtinere,
1008 1347 1042 1369 ac

300 1391 376 1432 iltis,
403 1393 442 1425 ad
468 1403 547 1435 quos
576 1397 701 1435 spectat
737 1397 768 1424 et
799 1402 859 1435 pro
896 1397 1042 1434 tempore

302 1446 574 1489 quandocumque
593 1445 761 1488 spectabit,
788 1445 820 1477 in
845 1445 994 1478 omnibus
1012 1449 1043 1477 et

300 1509 361 1542 per
384 1499 492 1532 omnia
520 1499 707 1542 plenissime
740 1497 920 1541 sutri—agari,
948 1503 980 1531 et
1004 1498 1042 1531 ab

300 1552 347 1585 eis
372 1552 555 1596 respective
588 1552 821 1585 inviolabiliter
852 1552 1041 1593 observari,

301 1605 415 1649 sicque
440 1605 473 1638 in
504 1606 694 1650 praemissis
726 1616 785 1650 per
817 1616 1042 1650 quoscumque

301 1659 425 1693 iudices
449 1659 633 1693 ordinarios
671 1665 702 1693 et
738 1660 916 1702 delegatos,
949 1661 1043 1692 etiam

302 1723 473 1745 causarum
511 1713 623 1756 palatii
660 1713 830 1756 apostolici
868 1713 1042 1753 auditores,

301 1764 436 1798 iudicari
462 1770 494 1797 et
520 1765 649 1798 definiri
675 1766 809 1805 debere,
844 1776 880 1798 ac
916 1766 1043 1798 irritum

303 1824 335 1851 et
358 1817 464 1859 inane,
480 1817 506 1850 si
533 1828 625 1851 secus
650 1829 747 1861 super
766 1819 815 1851 his
832 1829 849 1851 a
868 1829 1042 1862 quoquam,

302 1872 415 1915 quavis
441 1871 644 1909 anctoritate,
670 1871 811 1905 scienter
827 1873 875 1905 vel
895 1872 1044 1915 ignoran-

301 1931 363 1966 ter,
390 1925 564 1967 contigerit
590 1925 755 1958 attentari.

347 1979 361 2022 ἓ
383 1978 414 2012 3.
442 1979 513 2012 Non
550 1979 754 2011 obstantibus
781 1979 981 2022 praemissiS,
1008 1991 1044 2012 ac

303 2032 594 2066 constitutionibus
619 2038 651 2065 et
683 2033 943 2066 ordinationibus
969 2044 1045 2076 apo-

304 2086 443 2126 stolicis,
463 2096 602 2125 necnon,
629 2091 789 2128 quatenus
813 2096 893 2129 opus
920 2086 970 2126 sit,
1000 2086 1045 2119 di-

304 2143 373 2172 ctae
398 2138 668 2182 Congregationis
693 2139 866 2172 Doctrinae
892 2139 1046 2172 Christia-

303 2203 374 2233 nae,
415 2192 512 2225 etiam
554 2193 751 2232 iuramento,
793 2192 1043 2226 confirmatione

303 2245 496 2288 apostolica,
518 2246 567 2278 vel
594 2245 704 2288 quavis
731 2245 883 2279 firmitate
909 2247 971 2279 alia
995 2256 1045 2279 ro-

302 2298 446 2339 boratis,
490 2299 617 2331 statutis
659 2304 690 2332 et
726 2300 1043 2341 consuetudinibus,

303 2351 484 2394 privilegiis
521 2362 663 2395 quoquc,
695 2352 828 2385 indultis
864 2358 894 2385 et
929 2353 1045 2385 litteris

306 2405 490 2447 apostolicis
515 2405 546 2437 in
565 2405 766 2438 contrarium
791 2406 1044 2448 praemissorum

307 2458 554 2499 quomodolibet
585 2459 762 2499 concessis,
790 2458 987 2492 confirmatis
1015 2465 1046 2491 et

305 2509 485 2552 innovatis3
513 2512 629 2555 quibus
656 2512 807 2545 omnibus
826 2518 858 2545 et
891 2512 1042 2554 singulis,

306 2562 432 2597 illorum
459 2570 587 2599 tenores
612 2566 838 2609 praesentibus
864 2576 921 2609 pro
947 2567 1044 2609 plene

342 2636 354 2661 1
376 2635 497 2662 Pessime
511 2636 576 2664 edit.
593 2636 672 2665 Main.
689 2637 755 2673 legit
769 2637 910 2666 erectione
925 2645 972 2673 pro
988 2638 1046 2664 eie—

307 2679 400 2709 ctione
420 2682 457 2716 (n,
480 2680 527 2713 τ.).

1079 326 1109 352 et
1148 319 1346 352 sufficienter
1381 320 1542 361 expressis
1576 329 1611 350 ac
1644 319 1682 352 dc
1719 319 1817 352 verbo

1080 373 1117 405 ad
1143 373 1277 405 verbum
1304 372 1433 404 insertis
1460 372 1632 410 habentes,
1654 372 1717 404 illis
1741 373 1821 405 alias

1080 426 1111 458 in
1130 437 1186 458 suo
1206 426 1321 458 robore
1343 424 1576 468 permansuris,
1605 424 1642 456 ad
1669 425 1822 467 praemis-

1080 490 1187 512 sorum
1211 478 1371 518 eil'ectum,
1390 478 1449 510 bac
1469 478 1536 510 vice
1558 478 1730 517 dumtaxat,
1750 488 1823 520 spe-

1080 533 1207 566 cialiter
1237 538 1268 565 et
1300 542 1454 575 expresse
1481 531 1700 574 derogamus3
1737 536 1822 563 cete-

1081 587 1188 630 risque
1215 586 1386 619 contrariis
1414 585 1686 628 quibuscumque.

1124 640 1138 683 ἓ
1168 640 1200 672 4.
1235 639 1388 672 Volumus
1426 644 1533 672 autem
1569 643 1603 670 nt
1635 637 1822 670 earumdem

1082 693 1302 737 praesentium
1324 693 1504 726 litterarum
1525 691 1750 734 transumptis,
1768 701 1822 723 seu

1081 748 1246 790 exemplis,
1274 747 1370 779 etiam
1397 746 1575 789 impressis,
1602 756 1699 778 manu
1726 745 1824 777 alicu-

1081 801 1128 833 ius
1154 800 1272 833 notarii
1299 791 1419 844 publici
1443 799 1645 842 subscriptis,
1665 804 1697 832 et
1714 798 1823 841 sigillo

1082 865 1243 898 personae
1269 854 1299 886 in
1328 853 1552 886 ecclesiastica
1570 852 1729 894 dignitate
1748 861 1826 884 con-

1083 910 1215 941 stitutae
1254 908 1395 946 munitis,
1428 907 1540 940 eadem
1574 916 1708 950 prorsus
1745 905 1825 938 fides

1083 968 1147 994 tam
1181 962 1212 995 in
1246 962 1366 995 iudicio
1393 972 1488 1004 quam
1526 966 1616 993 extra
1652 959 1732 992 illud
1758 958 1828 991 ubi-

1084 1027 1147 1059 que
1173 1017 1321 1048 locorum
1351 1016 1519 1049 habeatur,
1538 1024 1621 1056 quae
1637 1013 1716 1056 ipsis
1738 1023 1829 1056 prae-

1084 1070 1229 1102 sentibus
1247 1070 1424 1102 baberetur
1438 1069 1464 1101 si
1484 1067 1764 1101 sorentexliibitae
1779 1067 1828 1099 vel

1085 1130 1248 1156 ostensae.

1128 1176 1243 1208 Datum
1269 1176 1399 1214 Romae,
1423 1176 1507 1218 apud
1529 1175 1559 1208 S.
1580 1174 1709 1207 Mariam
1735 1173 1827 1206 Maio·

1086 1241 1163 1268 rem,
1196 1231 1253 1263 sub
1291 1230 1411 1262 annulo
1447 1229 1634 1268 piscatoris,
1675 1227 1726 1260 die
1751 1237 1827 1260 xxm

1086 1283 1165 1316 iunii
1199 1293 1357 1323 mcxcix,
1394 1282 1598 1326 pontificatus
1635 1281 1735 1314 nostri
1773 1291 1829 1313 an-

1086 1348 1128 1370 no
1154 1347 1222 1370 vui.

1121 1400 1183 1427 Dat.
1204 1399 1248 1426 die
1268 1399 1301 1426 23
1321 1398 1388 1426 iunii
1408 1398 1487 1433 1699,
1510 1397 1606 1433 pontif.
1628 1406 1698 1425 anno
1717 1403 1773 1425 vtu.

1272 1542 1430 1576 ccxxxu
1458 1542 1518 1585 (αι.
1547 1541 1638 1585 183).

1091 1623 1302 1666 Transfertur
1333 1623 1617 1656 vale-ludinarium
1649 1631 1832 1664 pauperum

1131 1676 1331 1709 sacerdotum
1359 1676 1396 1709 de
1425 1676 1507 1709 Urbe
1539 1675 1581 1708 ud
1603 1675 1770 1718 palatium
1794 1675 1831 1706 in

1131 1731 1262 1763 civitate
1286 1730 1443 1769 Leonind,
1471 1740 1544 1762 cnm
1567 1730 1722 1762 erectione
1742 1728 1832 1761 colle-

1131 1784 1180 1826 qiz'
1222 1794 1278 1816 seu
1317 1783 1493 1815 seminarii
1527 1782 1736 1815 ecclesiastici
1770 1791 1830 1825 pro

1129 1837 1328 1881 presbyteris
1353 1841 1381 1869 et
1406 1835 1564 1869 clericis¹.

1266 1916 1466 1944 Innocentius
1488 1916 1568 1949 Papa
1587 1916 1652 1948 XII,

1207 1965 1243 1989 ad
1260 1965 1436 1996 perpetuam
1456 1962 1502 1989 rei
1522 1961 1707 1988 memoriam.

1131 2033 1294 2066 Ecclesiae
1332 2032 1512 2066 catholicae
1548 2043 1608 2076 per
1643 2033 1831 2065 universum

1090 2093 1247 2120 terrarum
1272 2086 1385 2120 orbem
1411 2085 1547 2119 ditl'usae
1574 2085 1738 2128 regimini,
1764 2097 1832 2119 me-

1090 2140 1159 2172 ritis
1199 2141 1276 2173 licet
1315 2140 1516 2183 imparibus,
1543 2150 1602 2183 per
1631 2139 1832 2173 ineffabilem

1089 2192 1215 2226 divinae
1241 2193 1419 2236 sapientiae
1437 2198 1531 2236 atque
1552 2192 1705 2225 bonitatis
1731 2193 1832 2225 abun-

1089 2247 1231 2279 dantiam
1255 2246 1493 2289 praesidentes,
1520 2246 1558 2278 ad
1584 2257 1633 2286 ea,
1661 2256 1722 2289 per
1747 2256 1830 2289 quae

1089 2300 1210 2332 salubri
1229 2300 1490 2333 christifidelium
1511 2299 1543 2332 in
1562 2305 1684 2333 sortem
1703 2299 1832 2332 Domini

1089 2353 1556 2397 assumptoruminstitutioni
1593 2353 1747 2397 felicique
1785 2353 1833 2386 di-

1127 2416 1136 2441 1
1170 2415 1209 2441 De
1238 2414 1289 2442 hoe
1323 2415 1518 2442 valetudinario
1552 2415 1613 2442 vide
1646 2415 1792 2442 Clementis
1813 2413 1833 2441 X

1089 2463 1175 2486 const.
1189 2459 1389 2492 edmnccxxiv,
1407 2460 1449 2487 die
1471 2460 1502 2487 13
1522 2460 1589 2487 iulii.
1612 2460 1641 2486 ln
1658 2459 1737 2486 huius
1757 2460 1832 2486 Pon-

1089 2504 1168 2530 tificis
1188 2507 1274 2531 const.
1295 2505 1340 2531 ed.
1360 2511 1488 2538 nncxcnr,
1510 2504 1552 2530 die
1568 2505 1602 2530 ⁹22
1623 2503 1696 2537 maii,
1717 2507 1791 2539 pont.
1804 2509 1832 2533 u,

1089 2553 1210 2575 erectum
1231 2549 1281 2576 suit
1300 2549 1447 2584 hospitium
1467 2548 1666 2581 invalidorum3
1683 2552 1709 2574 et
1727 2548 1754 2574 in
1769 2555 1833 2574 con-

1089 2593 1174 2619 stitut.
1197 2593 1262 2620 edit.
1283 2600 1361 2627 unce,
1383 2594 1426 2620 die
1445 2594 1480 2620 20
1499 2593 1571 2627 maii,
1593 2592 1690 2629 pontif.
1711 2600 1748 2625 ix,
1775 2593 1831 2619 eri-

1088 2637 1161 2672 gitur
1180 2638 1356 2673 Congregatio
1372 2637 1512 2674 hospitalis
1539 2646 1688 2673 pauperum
1709 2637 1833 2665 infirmo-

1089 2690 1150 2709 rum
1170 2682 1196 2710 in
1216 2682 1298 2711 indiis
1317 2682 1546 2711 Occidentalibus.

1719 260 1784 295 883
1832 272 1878 295 An.
1901 270 1929 296 c.
1947 268 2014 296 ¹699

1888 647 1950 668 Fides
1965 649 2020 668 tnn-

1835 678 1970 701 sumpturum.

1869 2040 1990 2063 Exordium.
