2254 3225
276 212 325 240 An.
348 213 376 242 c.
398 215 466 243 1693
511 206 576 240 584

345 1756 459 1779 paragano

277 1785 437 1803 contrariorum.

468 266 606 298 versiam
632 266 787 306 revocari,
815 266 854 299 ad
881 264 1035 299 terminos
1057 265 1137 298 iuris
1155 276 1206 298 re-

468 318 540 351 duci
565 329 621 352 seu
646 320 800 360 adversus
825 320 897 353 illas
918 319 1109 362 aperitionis
1128 317 1204 358 oris,

467 371 685 406 restitutionis
710 373 743 405 in
760 372 935 415 integrum,
956 372 1081 405 aliudve
1103 370 1206 414 quod-

469 436 608 469 cumque
633 426 734 466 iuris,
762 426 836 458 sacti
861 427 911 458 vel
946 424 1069 467 gratiae
1102 433 1206 456 reme-

469 479 557 511 dium
581 479 734 512 intentari
760 480 809 513 rel
834 477 1001 521 impetrari
1020 477 1205 509 nullatenus

469 542 576 574 posse,
600 532 657 565 sed
689 532 820 565 easdem
851 531 976 563 litteras
1009 538 1138 571 semper
1175 531 1207 560 et

469 589 630 627 perpetuo
654 584 784 625 validas,
806 583 911 616 firmas
930 587 961 615 et
977 581 1124 614 efficaces
1142 579 1206 612 exi-

469 642 554 669 stere
580 643 610 670 et
631 637 698 670 sore
716 663 723 677 ,
749 647 889 678 suosque
913 634 1078 678 plenarios
1104 637 1135 666 et
1160 632 1207 664 in-

470 687 578 723 tegros
604 681 732 713 effectus
768 680 877 713 sortiri
909 684 940 711 et
968 679 1117 711 obtinere
1153 676 1207 709 de-

468 737 554 775 bere,
581 739 613 767 et.
637 735 676 767 ab
700 733 849 767 omnibus
866 759 873 773 ,
900 732 938 764 ad
964 741 1047 774 quos
1082 734 1208 773 spectat

470 796 501 823 et
524 800 582 833 pro
609 793 755 830 tempore
777 785 1047 829 quandocumque
1076 788 1108 816 et
1128 792 1207 825 quo-

469 843 705 884 modocumque
719 839 888 883 spectabit,
904 836 1135 870 inviolabiliter
1152 836 1208 867 ob-

469 895 601 936 servari,
628 894 748 937 sicque,
775 898 807 925 et
830 900 896 924 non
914 891 1016 929 aliter,
1034 899 1093 933 per
1112 897 1207 931 quos-

470 939 607 991 cumque
632 946 756 979 iudices
775 944 961 978 ordinarios
981 948 1012 975 et
1029 942 1204 983 delegatos¹

469 1001 566 1034 etiam
590 1009 758 1032 causarum
784 997 893 1041 palatii
920 994 1091 1040 apostolici
1117 993 1206 1026 audi-

471 1060 567 1094 tores,
593 1058 625 1086 et
650 1053 770 1086 dictum
796 1051 825 1084 S.
850 1051 887 1083 R.
909 1051 944 1083 E.
979 1047 1204 1087 camerarium,

469 1108 617 1151 aliosque
643 1106 837 1144 nundinales,
858 1104 954 1137 etiam
975 1103 1014 1135 de
1032 1103 1133 1135 latere
1161 1101 1206 1134 le-

470 1166 574 1204 gatos,
601 1169 731 1192 necnon
757 1158 909 1191 Gamerae
927 1156 1091 1199 praefatae
1116 1163 1207 1196 prae-

472 1213 616 1246 sidentes
643 1211 792 1251 clerieos‚
817 1210 963 1253 aliosque
990 1208 1146 1242 officiales
1176 1211 1208 1238 et

470 1266 661 1306 ministros,
700 1270 893 1307 ceterosque
928 1261 1092 1306 quoslibet
1130 1270 1207 1302 qua-

470 1329 608 1362 cumque
625 1317 828 1357 auctoritate,
839 1313 1097 1360 praeeminentiz‘i
1111 1318 1142 1345 et
1155 1322 1206 1355 po-

471 1377 586 1406 testate
613 1372 786 1413 sungentes
813 1375 844 1402 et
876 1369 1059 1407 iuncturos,
1084 1366 1208 1398 sublata

471 1427 517 1459 eis
542 1430 573 1459 et
598 1435 709 1458 eorum
735 1423 871 1457 cuilibet
896 1422 1008 1465 quavis
1034 1420 1129 1452 aliter
1159 1418 1207 1451 in-

471 1479 599 1512 dicandi
612 1483 643 1510 et
656 1476 892 1520 interpretandi
902 1476 1063 1514 facultate,
1073 1471 1206 1505 iudicari

471 1538 504 1565 et
529 1531 658 1565 definiri
684 1531 822 1571 debere,
854 1529 981 1562 irritum
1014 1536 1144 1570 quoque
1176 1530 1208 1557 et

470 1585 578 1627 inane,
604 1584 628 1618 si
654 1595 748 1617 secus
774 1593 873 1627 super
909 1582 960 1615 his
990 1591 1007 1613 a
1032 1589 1206 1623 quoquam,

472 1638 581 1682 quavis
601 1636 804 1676 auctoritate,
826 1635 968 1668 scienter
987 1634 1035 1666 vel
1058 1633 1207 1675 ignoran-

471 1697 529 1730 ter,
556 1690 729 1734 contigerit
754 1689 916 1722 attentari.

515 1743 578 1788 §8-
609 1744 678 1777 Non
705 1743 923 1781 obstantibus,
948 1746 1105 1784 quatenus
1127 1751 1207 1783 opus

471 1798 530 1838 sit,
557 1798 669 1830 nostra
693 1802 724 1830 et
752 1793 970 1829 Cancellariae
1002 1794 1206 1837 Apostolicae

471 1851 582 1893 regula
607 1850 645 1883 de
671 1850 741 1882 iure
767 1849 911 1892 quaesito
939 1858 1003 1881 non
1038 1847 1205 1887 tollendo,

471 1903 607 1946 aliisque
630 1902 789 1942 omnibus,
827 1912 908 1945 quae
940 1900 1076 1944 praefati
1109 1900 1205 1939 Pius,

471 1957 588 1989 Paulus
629 1962 661 1988 et
695 1955 904 1988 Innocentius
939 1954 1208 1997 praedecessores

472 2011 503 2043 in
529 2009 718 2043 memoratis
744 2019 857 2041 eorum
882 2007 997 2040 litteris
1028 2006 1207 2049 respective

472 2063 645 2095 voluerunt
676 2072 740 2095 non
774 2062 923 2101 obstare,
948 2070 984 2092 ac
1009 2058 1207 2102 praemissis,

473 2114 610 2148 circaea
631 2125 712 2158 quae
733 2114 960 2158 praesentibus
986 2113 1206 2151 adversantur,

473 2168 611 2211 aliisque
636 2167 926 2201 constitutionibus
944 2172 975 2199 et
999 2165 1208 2199 ordinationi-

472 2222 531 2254 bus
555 2221 764 2265 apostolicis,
790 2231 919 2254 necnon
951 2220 1208 2263 quibuscumque

474 2274 568 2308 etiam
588 2274 808 2317 praefatorum
828 2273 1037 2305 tribunalium
1056 2272 1206 2312 decretis,

473 2327 607 2364 statutis,
620 2327 743 2367 usibus,
759 2327 850 2369 stylis
872 2332 904 2359 et
920 2325 1209 2359 consuetudinibus

474 2380 568 2413 etiam
606 2379 919 2412 immemorabilibus
940 2406 947 2419 ,
991 2379 1086 2412 etiam
1125 2378 1208 2410 iura-

473 2440 601 2472 mento,
642 2432 888 2465 confirmatione
928 2432 1127 2475 apostolica,
1159 2434 1208 2466 vel

475 2486 586 2530 quavis
611 2486 673 2519 alia
697 2485 847 2518 firmitate
871 2486 1052 2525 roboratis,
1081 2485 1210 2528 privile-

476 2541 535 2583 giis
561 2550 690 2583 quoque
715 2544 747 2573 et
771 2537 905 2572 indultis
934 2545 964 2571 et
984 2539 1103 2571 litteris
1132 2550 1209 2582 apo—

476 2593 600 2628 stolicis
615 2593 881 2638 quibuscumque,
902 2592 960 2625 s'ub
979 2592 1146 2636 quibusvis
1167 2598 1210 2626 te-

1049 216 1227 241 nULLAmUn
1253 215 1405 241 nmmum!

1247 265 1381 298 noribus
1397 269 1430 298 et
1446 263 1565 303 formis,
1584 274 1619 296 ac
1637 273 1707 296 cum
1722 263 1982 306 quibuscumque

1247 317 1342 350 etiam
1367 317 1645 359 derogatoriarum
1672 315 1898 357 derogatoriis,
1927 314 1983 347 ali-

1246 370 1338 413 isque
1362 369 1606 409 efficacior-ihus,
1633 368 1862 401 efficacissimis
1882 372 1912 400 et
1937 366 1982 399 in-

1246 422 1350 455 solitis
1374 421 1536 461 clausulIs,
1561 432 1597 455 ac
1622 421 1824 454 irritantibus
1852 425 1884 453 et
1909 419 1981 452 aliis

1247 474 1398 514 decretis,
1425 474 1521 507 etiam
1545 479 1646 514 motu,
1673 473 1808 505 scientia
1829 478 1859 506 et
1883 477 1983 515 potc-

1247 526 1338 559 statis
1362 526 1567 570 plenitudine
1585 526 1746 558 similibus
1775 531 1807 558 et
1827 525 1981 558 consisto-

1247 578 1372 611 rialiter
1396 590 1433 611 ac
1457 579 1535 611 alias
1562 577 1809 621 quomodolibet
1843 577 1876 610 in
1905 588 1982 610 con-

1248 631 1381 663 trarium
1405 631 1659 674 praemissorum
1685 631 1856 671 concessis,
1875 630 1981 671 editis,

1247 692 1284 715 ac
1308 683 1403 716 etiam
1430 683 1552 726 pluries
1587 689 1618 716 et
1645 683 1912 727 quantiscumque
1939 682 1984 714 vi-

1247 736 1336 769 cibus
1347 736 1554 777 confirmatis,
1568 736 1729 770 innovatis
1744 741 1773 769 et
1786 735 1982 779 approbatis;

1248 789 1364 832 quibus
1379 790 1531 823 omuibus
1553 796 1585 823 et
1605 790 1754 832 singulis,
1776 789 1901 822 etiamsi
1922 799 1983 832 pro

1247 842 1377 876 illorum
1403 843 1575 876 sufficienti
1602 843 1814 886 derogatione
1843 843 1882 875 de
1918 842 1983 875 illis

1248 906 1425 939 eorumque
1445 896 1516 929 totis
1535 896 1702 929 tenoribus
1722 895 1882 939 specialis,
1904 905 1984 938 spe-

1247 949 1346 988 cifica,
1373 960 1526 992 expressa
1550 954 1582 982 et
1598 948 1772 988 individua,
1790 959 1857 981 non
1875 953 1983 981 autem

1248 1013 1306 1045 per
1320 1004 1480 1036 clausulas
1496 1004 1674 1045 generales,
1686 1001 1808 1034 mentio
1822 1012 1879 1034 seu
1891 1012 1986 1044 quae-

1248 1055 1293 1088 vis
1318 1056 1380 1088 alia
1406 1055 1573 1098 expressio
1599 1055 1759 1094 habenda,
1793 1059 1847 1087 aut
1877 1054 1985 1096 aliqua

1248 1109 1310 1142 alia
1335 1109 1495 1152 exquisita
1520 1109 1622 1141 forma
1657 1108 1697 1140 ad
1733 1108 1796 1140 boc
1827 1107 1985 1140 servanda

1248 1161 1341 1201 soret,
1367 1167 1498 1194 tenores
1515 1160 1715 1200 huiusmodi,
1734 1170 1768 1192 ac
1786 1159 1811 1192 si
1829 1160 1867 1192 de
1883 1159 1984 1192 verbo

1249 1215 1287 1247 ad
1303 1214 1446 1253 verbum,
1460 1213 1541 1246 nibil
1556 1213 1685 1256 penitus
1700 1213 1870 1253 omisso,et
1883 1213 1985 1245 forma

1249 1267 1281 1300 in
1307 1267 1371 1300 illis
1391 1267 1506 1300 tradita
1524 1266 1705 1306 observata,
1724 1265 1986 1309 exprimerentur

1249 1326 1279 1354 et
1314 1320 1559 1360 insererentur,
1598 1319 1715 1352 iisdem
1760 1318 1985 1362 praesentibus

1250 1385 1308 1417 pro
1333 1375 1431 1417 plene
1458 1378 1489 1405 et
1513 1373 1713 1405 sufficienter
1738 1373 1910 1415 expressis⁷
1942 1372 1986 1404 in-

1250 1427 1354 1465 sertis,
1382 1426 1516 1458 servatis
1542 1432 1573 1458 et
1597 1425 1788 1469 specificatis
1809 1425 1982 1465 babentes,

1249 1479 1312 1513 illis
1338 1476 1415 1511 alias
1440 1479 1472 1510 in
1498 1489 1555 1511 suo
1588 1479 1706 1511 robore
1738 1477 1960 1521 permansuris
1976 1504 1983 1517 ,

1249 1533 1288 1565 ad
1306 1531 1557 1575 praemissorum
1572 1531 1729 1571 effectum,
1749 1531 1935 1574 specialiter
1955 1535 1987 1563 et

1250 1595 1408 1628 expresse,
1434 1585 1623 1628 plenissime
1649 1589 1680 1618 et
1705 1585 1905 1627 amplissime
1931 1584 1986 1616 de-

1250 1649 1411 1681 rogamus,
1437 1643 1469 1670 ct
1494 1636 1684 1681 derogatum
1701 1648 1770 1670 esse
1791 1638 1938 1670 volumus
1957 1643 1987 1669 et

1250 1691 1455 1731 mandamus,
1478 1690 1659 1733 ceterisque
1674 1690 1845 1723 contrariis
1857 1690 1987 1733 quibus-

1249 1755 1400 1787 cumque.

1293 1798 1308 1840 g
1339 1796 1370 1829 9.
1404 1796 1489 1829 Nulli
1530 1806 1609 1839 crgo
1645 1796 1778 1829 omnino
1816 1796 1985 1829 hominum

1249 1850 1345 1882 liceat
1368 1850 1520 1893 paginam
1546 1850 1630 1882 banc
1661 1855 1845 1882 nostrarum
1873 1860 1987 1892 appro-

1249 1903 1398 1941 bationiS,
1414 1901 1676 1942 confirmationis,
1691 1902 1917 1942 innovationis,
1934 1914 1988 1934 ro-

1250 1957 1416 1995 luntatum,
1442 1960 1644 1995 statutorum,
1669 1955 1883 1995 decretorum,
1900 1967 1987 1988 man-

1250 2009 1406 2048 datorum,
1433 2008 1608 2040 sanctionis
1633 2013 1665 2040 et
1694 2008 1915 2049 derogationis
1941 2009 1987 2040 in-

1250 2062 1400 2104 fringere,
1416 2062 1465 2093 vel
1479 2060 1507 2093 ei
1525 2071 1603 2093 ausu
1619 2060 1792 2093 temerario
1811 2061 1985 2100 contraire;

1250 2114 1276 2146 si
1302 2114 1374 2156 quis
1401 2119 1508 2146 autem
1534 2113 1597 2146 hoc
1615 2118 1774 2146 attentare
1800 2124 1987 2156 praesump-

1251 2167 1350 2206 serit,
1376 2166 1636 2208 indignationem
1663 2166 1896 2209 omnipotentis
1930 2167 1987 2199 Dei

1250 2231 1286 2252 ac
1310 2220 1483 2252 beatorum
1507 2219 1593 2251 Petri
1611 2224 1642 2251 et
1658 2219 1746 2252 Pauli
1765 2220 1987 2262 apostolorum

1251 2273 1318 2306 cius
1343 2283 1375 2305 se
1398 2271 1523 2305 noverit
1547 2272 1765 2304 incursurum.

1293 2326 1404 2359 Datum
1430 2325 1563 2365 Romae,
1593 2325 1676 2368 apud
1708 2324 1739 2358 S.
1770 2325 1900 2358 Mariam
1926 2326 1990 2358 Ma-

1251 2380 1366 2420 iorem,
1404 2389 1489 2412 anno
1528 2377 1764 2411 incarnationis
1805 2378 1988 2412 dominicae

1251 2442 1412 2474 nncxcui,
1437 2431 1543 2475 pridie
1568 2442 1671 2464 nonas
1696 2431 1890 2473 decembris,
1913 2443 1988 2476 pon-

1253 2486 1387 2519 tificatus
1411 2484 1514 2518 nostri
1539 2495 1623 2517 anno
1647 2494 1695 2517 111.

1287 2549 1347 2575 Dat.
1366 2547 1410 2574 die
1425 2547 1442 2573 4
1457 2546 1612 2573 decembris
1630 2545 1707 2579 1693,
1725 2546 1819 2582 pontif.
1838 2555 1907 2574 anno
1923 2553 1960 2574 111.

1988 214 2034 240 Λη.
2057 214 2086 241 G.
2107 214 2172 241 ttz93

2024 1809 2111 1829 sanctio
2131 1814 2180 1834 pue-

1997 1837 2058 1856 uatis.
