2227 3225
124 238 173 264 An.
189 237 217 265 C.
241 238 308 266 ¹694

200 1518 303 1539 Lectum

121 1544 271 1570 plizlosophiae
284 1548 304 1566 et

121 1571 241 1595 theologiae
268 1578 305 1598 per

121 1603 208 1618 examen
228 1604 304 1619 (ΞΟΒΕΒ-

121 1624 212 1645 dandae.

897 239 1109 265 INNOCENTIUS
1136 241 1181 265 ΧΠ
1204 241 1252 265 Pr.

317 287 356 321 ad
384 287 446 320 hoc
474 291 508 320 ut
533 287 570 320 ab
596 287 709 321 officiis
733 298 799 322 non
824 288 1051 329 excludantur,

316 341 342 373 si
369 341 446 374 alias
471 351 508 374 ex
534 341 615 374 'vitio
641 347 673 374 et
697 342 817 375 malitia
848 347 901 375 aut
926 353 962 375 ex
989 342 1051 375 alio

315 394 451 428 notabili
485 395 614 428 defectu
648 395 772 438 indigni
806 397 854 429 vel
880 396 1051 439 incapaces

316 457 382 480 non
403 453 598 481 censentur:
618 448 664 481 illi
683 448 842 492 siquidem
861 449 914 492 qui
933 448 1050 487 studio,

316 505 420 533 aetate
445 506 476 534 et
500 501 704 534 observantia
720 498 882 535 diuturna
908 502 991 534 vires
1012 502 1051 534 ad

316 554 523 587 austeritates
549 556 737 598 corporales
767 555 997 588 substinendas
1023 565 1053 586 a·

315 606 485 648 miserunt,
504 607 677 651 prudentia
703 613 820 649 tamen,
841 607 1052 651 experientia,

315 661 454 694 scientia
478 667 510 695 et
534 662 604 695 zelo
641 661 864 701 robustiores,
891 672 926 694 ac
950 660 1050 704 magis

315 724 413 747 sanos
451 725 508 748 seu
544 715 689 748 iuniores
721 720 797 748 sunt
827 714 1051 758 supergressi,

315 766 437 800 eisdem
458 768 600 811 aptiores
624 768 800 801 creduntur
817 768 856 801 ad
882 767 1051 811 spirituale

315 821 508 862 gubernium
534 821 715 864 religionis.
744 822 789 855 Ad
811 822 982 855 vicariatus
1003 832 1053 854 au-

315 878 380 906 tem
401 875 673 908 monasteriorum
690 875 881 908 monialium
896 875 926 908 S.
943 875 1052 908 Clarae

314 926 411 959 Tertii
430 926 558 960 Ordinis
578 934 608 960 et
622 928 846 961 Immaculatae
864 927 1053 971 Conceptio-

315 980 365 1012 nis
391 987 594 1013 assumantur
619 982 722 1014 solum
747 982 804 1014 viri
831 981 895 1025 pii,
919 981 1054 1015 scienti-tl

316 1043 351 1065 ac
371 1035 440 1067 zelo
459 1034 628 1077 religionis
655 1035 800 1078 praediti,
820 1040 955 1067 aetatem
977 1045 1055 1077 qua-

316 1086 464 1129 draginta
497 1098 655 1120 aunorum
690 1088 908 1128 excedentes,
935 1088 988 1131 qui
1015 1087 1054 1120 de

316 1149 427 1172 earum
462 1139 617 1172 institutis
649 1145 681 1173 et
716 1141 811 1173 modo
848 1140 1052 1173 conducendi

317 1191 438 1225 animas
466 1192 529 1225 Deo
556 1192 676 1225 dicatas
709 1193 747 1226 ad
773 1193 959 1236 spirituales
983 1204 1054 1226 cum

316 1245 442 1288 Sponso
459 1251 591 1278 aeterno
607 1246 735 1289 nuptias
749 1246 811 1278 sint
827 1247 922 1289 plene
939 1247 1054 1279 iustru-

317 1299 378 1339 cti;
398 1304 445 1336 et,
472 1299 497 1331 si
522 1304 630 1342 patres
652 1298 826 1332 delinitorii
848 1300 1053 1340 contrarium,

316 1351 462 1392 fecerint,
477 1352 578 1384 sciant
601 1362 634 1384 sc
657 1352 816 1385 rationem
830 1352 965 1386 Domino
980 1353 1054 1385 red-

316 1404 442 1437 dituros
468 1405 506 1437 de
531 1404 647 1447 exiguo
677 1404 816 1448 ipsarum
843 1406 992 1447 prosectu
1022 1405 1052 1439 in

314 1456 365 1489 via
388 1456 613 1500 perfectionis.

358 1521 387 1543 v.
414 1510 479 1543 Sub
497 1511 640 1554 praefata
663 1516 771 1544 tamen
790 1511 970 1545 officiorum
989 1511 1054 1545 dis-

316 1563 491 1596 tributione
521 1574 586 1596 non
617 1564 738 1597 debent
769 1565 886 1597 cadere
914 1565 1052 1598 lectores

316 1616 544 1660 philosophiae
571 1623 623 1649 aut
649 1617 851 1659 theologiae,
880 1623 1054 1661 propterea

316 1670 415 1713 quod,
440 1681 510 1703 cum
540 1671 633 1714 pauci
662 1671 724 1703 sint
752 1682 886 1704 numero
912 1662 1050 1705 concur-

316 1728 437 1763 rentes,
456 1729 487 1756 et
504 1724 653 1767 expediat
669 1725 707 1757 ad
731 1725 811 1757 haec
830 1736 963 1758 munera
980 1736 1054 1768 pro-

316 1787 447 1810 movere
472 1787 537 1810 non
553 1778 664 1810 ’solum
690 1778 906 1816 sufficientes,
939 1780 995 1812 sed
1022 1789 1055 1811 0-

316 1829 445 1873 ptimos,
472 1830 496 1862 si
528 1831 692 1873 praedicta
711 1832 783 1873 lege
809 1831 1052 1871 distribuantur,

317 1891 415 1925 saepe
451 1882 616 1925 continget
645 1889 680 1915 ut
717 1885 956 1926 compellantur
990 1885 1055 1917 ele-

316 1940 420 1968 ctores
448 1945 504 1968 eos
528 1945 734 1978 promovere,
763 1936 815 1978 qui
843 1936 922 1969 sorte
948 1936 1053 1969 minus

315 1988 520 2031 perspicaces
536 1993 610 2020 sunt
629 1997 683 2030 <uc
702 1988 909 2021 auci-nativae
927 1989 1053 2030 legibus

317 2041 574 2083 contradicant),
612 2041 802 2085 postpositis
840 2042 1054 2075 habilioribus

317 2099 349 2127 et
366 2095 404 2127 ad
426 2094 609 2127 docendum
630 2095 818 2138 aptioribus,
837 2106 910 2128 cum
930 2098 1054 2128 summa

316 2147 452 2180 honoris
476 2145 663 2191 provinciae
685 2153 717 2180 et
742 2148 788 2180 rei
816 2148 992 2181 litterariae
1013 2149 1054 2181 ia-

316 2202 419 2233 ctura.
446 2200 521 2234 Ideo
542 2211 603 2244 pro
622 2201 851 2244 promovendis
876 2202 1053 2234 lectoribus

315 2253 546 2298 philosophiae
577 2255 719 2297 proponi
752 2254 846 2287 debet
874 2255 956 2287 liber
980 2266 1055 2287 con-

317 2317 429 2340 cursus
458 2307 542 2340 inter
574 2307 762 2349 collegiales
796 2312 918 2339 tantum
952 2308 1050 2340 Alba-

316 2359 426 2392 nensis
451 2358 603 2402 collegii,
638 2359 691 2403 qui
725 2359 838 2392 saltem
873 2360 904 2392 in
939 2360 1053 2393 eodem

317 2413 456 2455 collegio
480 2423 579 2445 unum
605 2423 734 2446 cursum
759 2413 797 2445 ab
824 2419 937 2446 exacto
963 2414 1054 2446 theo-

317 2466 423 2508 logiae
449 2465 588 2499 triennio
614 2467 858 2510 compleverint,
886 2472 917 2499 et
942 2472 1054 2499 contra

318 2529 399 2561 quos
417 2519 506 2551 nulla
524 2519 555 2551 in
573 2519 711 2561 regulari
730 2519 906 2562 'disciplina
925 2519 1055 2552 infamia

319 2572 417 2604 suerit
441 2572 572 2604 suborta
599 2573 656 2615 (hi
689 2573 774 2605 enim
800 2584 817 2605 a
842 2573 982 2614 collegio
1008 2583 1055 2605 ar-

318 2625 409 2658 cendi
436 2631 520 2664 suut,
545 2626 598 2668 qui
625 2627 748 2658 veroin
769 2626 838 2670 ipso
865 2636 1055 2658 conservan—

1096 294 1156 329 tur,
1172 300 1209 323 eo
1230 289 1301 332 ipso
1315 293 1489 322 censentur
1510 289 1705 322 sufficientes
1727 288 1830 332 quoad

1096 353 1221 375 morum
1248 343 1490 386 probitatem),
1514 346 1544 375 et
1570 353 1604 375 ex
1632 343 1683 374 his
1708 342 1752 374 illi
1776 342 1832 374 cli-

1095 401 1221 437 guntur,
1238 396 1290 439 qui
1314 396 1343 428 iu
1362 396 1521 428 litterario
1547 395 1693 428 examine
1713 395 1830 427 maiora

1095 448 1255 481 dederunt
1279 448 1442 491 profectos
1478 453 1506 480 et
1534 448 1658 480 suturae
1684 447 1831 479 utilitatis

1095 501 1295 544 specimina,
1320 501 1548 544 undecumque
1571 501 1655 539 sint,
1686 505 1717 533 et
1745 500 1832 532 omni

1094 560 1244 598 respectu
1272 555 1470 598 posthabite.
1495 555 1544 593 At,
1562 565 1600 586 ne
1619 553 1741 596 privata
1757 551 1833 585 all'e-

1095 607 1158 640 ctio
1173 608 1202 639 in
1219 608 1384 650 publicum
1399 607 1636 650 praeiudicium
1656 606 1831 648 aliquando

1095 660 1286 703 detorqueat
1323 671 1458 704 presens
1496 660 1748 699 concordatum,
1774 669 1833 702 per

1096 713 1313 746 definitorium
1340 713 1524 756 provinciae
1550 724 1602 746 sex
1629 712 1751 745 iudices
1773 712 1832 745 hu-

1095 767 1144 799 ius
1180 768 1357 800 concursus
1394 767 1591 810 deputentur
1606 793 1613 806 ‚
1642 777 1676 799 ex
1714 765 1831 810 quibus

1096 830 1178 853 unus
1207 826 1238 854 et
1263 821 1459 864 praecipuus
1492 820 1553 853 erit
1584 819 1731 853 minister
1759 829 1833 862 pro-

1096 873 1268 913 vincialis,
1299 874 1324 906 si
1361 884 1555 908 concurrere
1592 872 1751 912 voluerit,
1783 872 1832 905 vel

1096 926 1188 967 alius,
1206 926 1255 959 cui
1282 937 1354 959 suas
1375 927 1460 959 vices
1477 926 1692 966 commiserit,
1715 930 1747 958 et
1763 935 1834 957 cum

1096 979 1167 1023 ipso
1185 979 1248 1013 duo
1267 980 1406 1013 lectores
1425 979 1611 1021 theologiae
1632 978 1756 1011 iubilati
1785 978 1833 1010 vel

1096 1033 1237 1065 actuales
1256 1032 1295 1065 de
1317 1043 1374 1065 suo
1399 1043 1547 1076 corpore,
1566 1038 1598 1064 et
1614 1043 1671 1075 pro
1689 1032 1751 1064 alio
1768 1041 1837 1064 cor-

1097 1095 1174 1128 pore
1190 1091 1254 1119 tres
1270 1086 1419 1126 lectores,
1438 1086 1487 1118 vel
1505 1085 1643 1125 iubilati,
1664 1085 1712 1118 vel
1730 1090 1836 1117 actua-

1098 1140 1158 1179 les,
1177 1144 1217 1179 et,
1239 1139 1291 1182 qui
1318 1139 1357 1172 de
1383 1149 1519 1182 corpore
1546 1139 1641 1171 trium
1668 1138 1834 1171 nationum

1097 1197 1318 1231 assumuntur,
1346 1202 1428 1224 unus
1455 1192 1494 1224 de
1520 1193 1603 1230 una,
1631 1195 1662 1225 et
1686 1201 1770 1224 uuus
1796 1191 1835 1224 de

1097 1245 1166 1283 alia,
1185 1250 1215 1278 et
1234 1255 1316 1277 unus
1339 1246 1378 1278 de
1398 1245 1488 1278 tertia
1508 1245 1638 1278 natione
1660 1245 1832 1287 eligantur,

1097 1303 1129 1330 et
1152 1297 1177 1330 si
1204 1298 1353 1330 minister
1378 1298 1476 1330 suerit
1501 1298 1540 1330 de
1566 1298 1626 1330 hac
1647 1303 1744 1340 parte,
1767 1298 1834 1340 ipse

1097 1360 1157 1393 pro
1182 1352 1236 1383 sua
1263 1350 1396 1383 natione
1422 1350 1514 1382 iudex
1546 1350 1619 1382 erit.
1649 1351 1703 1390 lli,
1730 1351 1837 1393 prius-

1096 1412 1191 1446 quam
1216 1413 1410 1435 concursum
1425 1403 1583 1445 aperiant,
1602 1403 1634 1434 in
1653 1413 1750 1435 unum
1765 1413 1837 1435 con-

1097 1455 1242 1498 gregati,
1273 1455 1445 1499 septimum
1471 1455 1595 1498 eligent
1620 1456 1657 1488 de
1684 1456 1741 1488 illo
1766 1466 1837 1489 cor-

1097 1519 1176 1551 pore
1202 1509 1240 1542 de
1267 1519 1331 1551 quo
1358 1519 1423 1542 non
1449 1515 1496 1542 est
1521 1509 1754 1552 provincialis,
1781 1510 1836 1552 qui

1097 1563 1200 1595 solum
1226 1561 1412 1604 suffragium
1433 1563 1510 1595 seret
1532 1562 1561 1594 iu
1583 1573 1667 1601 casu,
1688 1573 1751 1606 quo
1771 1573 1837 1594 non

1096 1615 1262 1657 contingat
1285 1615 1402 1648 electio
1435 1626 1492 1659 per
1517 1615 1665 1657 suffragia
1691 1626 1744 1649 sex
1771 1612 1853 1648 eles

1096 1673 1221 1700 ctorum
1254 1668 1454 1711 provinciae;
1485 1674 1517 1701 et
1545 1679 1658 1701 omues
1688 1674 1812 1711 septem
1831 1695 1838 1707 ,

1097 1731 1206 1754 coram
1228 1722 1405 1754 secretario
1430 1722 1586 1755 examinis
1623 1732 1682 1765 per
1707 1722 1839 1765 provin-

1097 1775 1211 1807 cialem
1238 1774 1452 1818 deputando¹,
1477 1775 1691 1808 iuramentum
1720 1775 1838 1808 facient

1097 1838 1194 1871 super
1220 1833 1358 1871 quatuor
1382 1833 1490 1859 sancta
1508 1827 1678 1869 Evangelia
1698 1828 1735 1860 de
1754 1828 1837 1860 bene

1097 1881 1249 1922 eligendo
1275 1880 1325 1912 his
1351 1880 1471 1912 verbis:
1496 1880 1562 1923 Ερω
1584 1880 1638 1919 Ν,
1666 1880 1764 1912 sudem
1788 1880 1839 1912 dc-

1095 1937 1231 1975 pulatus
1255 1933 1298 1965 ad
1319 1933 1553 1976 promotionem
1593 1934 1743 1965 lectorum
1768 1934 1838 1976 plei-

1098 1986 1272 2028 lo'soplziae‚
1294 1996 1433 2029 quorum
1459 1996 1591 2018 effamen
1611 1991 1638 2018 e!
1663 1997 1837 2018 coiacursus

1097 2039 1133 2071 in
1155 2039 1305 2082 proximo
1330 2043 1424 2078 suut,
1453 2040 1526 2070 iuro
1551 2050 1608 2082 par
1633 2040 1709 2071 haec
1732 2050 1838 2071 sacro—

1096 2096 1207 2125 sancta
1246 2092 1425 2135 Eranqelia
1460 2092 1587 2125 domini
1623 2093 1724 2124 nostri
1762 2093 1836 2126 Iesu

1098 2145 1242 2183 Clu-isti,
1270 2156 1354 2188 quae
1378 2156 1480 2178 manu
1506 2150 1629 2188 tanqo,
1655 2146 1712 2179 sub
1734 2149 1837 2190 poem}

1093 2199 1239 2243 periurii
1263 2203 1292 2231 et
1316 2199 1442 2231 aeterni
1464 2200 1585 2238 reatus,
1609 2211 1657 2232 me
1682 2200 1757 2232 illos
1774 2201 1836 2233 ele-

1096 2256 1222 2284 cturum
1241 2251 1282 2284 ad
1297 2252 1481 2294 praedictas
1499 2252 1648 2292 lecturas,
1671 2253 1761 2285 mcllo
1779 2254 1837 2285 lm-

1098 2306 1161 2338 bito
1183 2306 1312 2348 privato
1337 2312 1479 2349 respectu
1495 2307 1639 2350 patriae,
1663 2308 1837 2349 sanquinr‘s

1098 2358 1144 2391 rel
1167 2359 1366 2401 affectionis,
1400 2369 1477 2403 quos
1501 2369 1540 2391 ea:
1563 2360 1596 2392 ‘vi
1620 2361 1783 2392 eoeamz'nfs
1807 2365 1835 2392 et

1097 2413 1268 2445 concursus
1292 2413 1441 2452 ineundi,
1461 2414 1565 2456 muqi's
1587 2413 1709 2446 habiles
1726 2418 1754 2446 et
1773 2414 1837 2446 illo-

1098 2476 1170 2498 neos
1194 2476 1365 2509 coqnovero
1382 2466 1425 2498 ad
1443 2467 1499 2498 hoc
1516 2477 1636 2499 mimus
1653 2467 1835 2499 obeundum

1097 2530 1170 2551 cum
1190 2519 1379 2562 provinciae
1396 2520 1541 2552 ulilitate
1555 2525 1583 2552 et
1600 2520 1835 2563 discipulorum

1094 2573 1259 2615 profectu:
1285 2574 1331 2605 sic
1354 2573 1438 2606 Deus
1463 2584 1511 2605 me
1535 2573 1674 2612 adiuvet,
1704 2578 1731 2605 cl
1757 2574 1834 2606 haec

1135 2636 1143 2659 l
1169 2633 1231 2660 Edit
1258 2634 1334 2662 Main.
1356 2635 1421 2669 legit
1438 2635 1637 2669 deputandum
1657 2636 1695 2669 (n,
1712 2635 1761 2669 τ.),

1731 230 1795 266 635
1842 242 1889 266 An.
1908 239 1935 265 C.
1960 240 2024 266 mut
