2227 3225
175 181 221 206 Λιι.
238 180 265 208 C.
290 181 357 208 tco5

189 1826 268 1846 Divisit·
279 1826 349 1847 dictae

165 1858 288 1878 ῙΓιινιιιοιΔθ
328 1860 348 1873 tn

166 1879 226 1901 ‹lu-23.

952 180 1160 203 INNoutjx'rtts

366 229 418 262 lici
454 229 549 261 nobis
584 237 688 271 nuper
723 227 838 270 exponi
867 227 942 259 fecit
967 228 1102 260 dilectus

366 281 450 315 filius
475 281 594 314 nobilis
618 280 664 312 vir
688 280 862 313 modernus
888 280 947 312 dux
975 280 1014 313 de
1039 279 1102 312 Me-

367 333 544 373 dinacaeli,
575 332 721 366 eiusdem
757 331 860 365 Caroli
895 332 981 375 regis
1017 332 1101 375 apud

365 397 424 420 nos
443 392 474 420 et
494 386 609 420 Scdem
627 386 846 429 Apostolicam
866 391 985 426 orator,
1004 386 1101 429 quod,

366 451 438 473 cum
465 439 497 473 in
522 450 623 482 regno
648 439 828 479 Sardiniae,
847 439 937 472 cuius
963 439 1030 481 ipse
1048 438 1103 471 Ca-

365 494 457 527 rolus
492 494 588 527 etiam
613 504 668 526 rex
706 494 824 534 existit,
851 504 915 526 una
940 493 1103 526 dumtaxat

364 547 529 591 provincia
546 547 679 580 fratrum
697 546 824 580 Ordinis
845 547 1004 580 Minorum
1028 556 1102 579 san-

365 599 406 632 cti
430 599 591 632 Francisci
619 599 874 644 Capuecinorum
901 604 1102 642 nuncupato-

364 663 436 685 rum
470 653 663 696 reperiatur,
695 663 797 696 eaque
831 652 942 695 viginti
975 653 1101 685 duobus

364 706 590 746 conventibus,
610 707 641 738 in
668 706 783 749 quibus
805 706 1034 749 quadringenti
1052 706 1100 738 vel

364 759 495 792 circiter
529 759 673 801 religiosi
707 759 784 792 dicti
810 758 937 791 Ordinis
962 759 1100 800 degunt,

364 816 502 852 constet,
530 822 566 844 ac
589 822 650 855 pro
676 811 764 844 illius
789 811 983 851 visitatione,
1011 816 1102 854 quot-

363 865 455 898 annis
486 864 674 898 necessario
700 864 788 897 iuxta
813 875 924 898 corum
946 865 1102 897 constitu-

364 918 469 955 tiones
496 918 654 957 facienda,
683 918 855 961 plusquam
883 918 1102 960 quadringen-

364 977 465 1004 tarum
490 972 656 1004 leucarum
681 970 743 1003 iter
767 971 904 1013 pedibus
929 969 1102 1003 conficien-

364 1024 440 1057 dum
459 1024 512 1064 sit,
528 1023 665 1056 ministri
684 1023 898 1066 provinciales
916 1023 1099 1066 provinciae

363 1077 549 1110 huiusmodi
575 1077 767 1120 plerumque
793 1077 826 1109 in
853 1082 914 1109 tam
934 1077 1031 1119 longa
1048 1087 1101 1120 pe-

363 1129 584 1172 regrinatione
611 1129 782 1169 decedere,
807 1135 861 1161 aut
886 1129 1015 1162 inutiles
1041 1140 1102 1172 per

365 1183 528 1226 reliquum
553 1182 636 1215 vitae
655 1192 767 1215 eorum
787 1188 911 1225 tempus
931 1192 1100 1215 remanere

363 1237 481 1269 solent.
499 1236 574 1269 Cum
601 1241 718 1276 autem,
741 1236 822 1269 sicut
843 1237 955 1269 eadem
975 1236 1101 1279 exposi-

363 1289 406 1321 tio
432 1289 658 1330 subiungebat,
677 1288 709 1320 in
731 1289 873 1331 capitulo
901 1289 1042 1330 generali
1069 1299 1100 1321 e-

362 1341 488 1374 iusdem
506 1341 634 1374 Ordinis
659 1341 833 1374 novissime
853 1342 1016 1374 celebrato
1041 1352 1099 1384 pro

362 1394 522 1427 eiusmodi
547 1394 753 1426 incommodo
780 1394 942 1433 tollendo⁷
968 1405 1024 1426 seu
1051 1405 1100 1426 re-

360 1447 467 1479 medio
489 1446 536 1479 illi
563 1446 610 1479 rei
629 1447 829 1485 adhibendo,
849 1447 1017 1479 decretum
1036 1448 1100 1479 fue-

360 1499 452 1531 ritut
472 1504 652 1532 memorata
676 1499 839 1542 provincia
865 1499 896 1532 in
922 1500 1000 1532 (luas
1026 1500 1101 1533 divi-

360 1553 463 1593 datur,
491 1553 586 1585 nobis
612 1558 790 1596 propterea
809 1554 976 1586 memorati
994 1553 1099 1587 Caroli

360 1605 446 1649 regis
465 1605 597 1638 nomine
625 1605 793 1637 humiliter
812 1606 1028 1649 supplicatum
1043 1606 1100 1638 t'uit

359 1665 393 1691 ut
418 1663 636 1702 opportunam
663 1658 702 1690 ad
727 1658 759 1691 id
785 1658 969 1691 facultatem
990 1670 1099 1692 conce-

360 1712 439 1745 dere
474 1712 513 1744 de
548 1711 750 1754 benignitate
784 1713 961 1755 apostolica
987 1714 1099 1756 digna-

361 1774 484 1797 remur.

404 1818 418 1861 ἓ
443 1817 473 1850 02.
501 1816 563 1850 Nos
589 1817 708 1859 igitur,
734 1818 796 1862 piis
824 1819 967 1852 eiusdem
993 1819 1096 1853 Caroli

359 1871 444 1914 regis
472 1871 554 1904 votis
576 1871 637 1903 hac
662 1870 695 1903 in
713 1882 758 1911 re,
773 1877 929 1915 quantum
948 1884 1019 1905 cum
1038 1873 1098 1906 Do-

359 1924 446 1957 mino
483 1934 664 1967 possumus,
700 1924 918 1958 favorabiliter
954 1936 1097 1959 annuere

359 1978 514 2017 volentes,
533 1977 718 2010 huiusmodi
741 1979 1032 2021 supplicationibus
1051 1979 1098 2012 in-

359 2030 482 2069 clinati,
502 2030 540 2063 de
564 2030 799 2063 venerabilium
819 2031 951 2064 fratrum
970 2036 1098 2066 nostro-

359 2093 429 2116 rum
465 2083 496 2116 S.
528 2083 565 2116 R.
596 2083 631 2116 E.
666 2084 879 2117 cardinalium
906 2086 1042 2128 negotiis
1067 2092 1097 2119 et

360 2136 651 2169 consultationibus
677 2137 907 2180 episcoporum
926 2144 957 2171 et
973 2141 1098 2182 regula-

360 2189 441 2222 rium
465 2189 740 2233 praepositorum‚
766 2191 820 2234 qui
847 2192 982 2225 dilectos
1015 2193 1095 2227 filios

359 2248 606 2287 procuratorem
643 2249 676 2277 et
711 2243 901 2278 definitores
927 2248 1097 2288 generales

357 2296 515 2340 praedicti
540 2296 669 2330 Ordinis
688 2298 889 2339 audiverunt,
904 2300 1052 2341 consilio,
1067 2306 1097 2334 et

357 2350 481 2383 attento
507 2350 592 2393 quod
618 2360 676 2393 pro
694 2350 757 2384 hoc
774 2351 846 2394 ipso
863 2352 983 2385 instant
1000 2353 1095 2386 etiam

357 2401 466 2435 dilecti
498 2401 557 2436 filii
582 2403 732 2436 minister
756 2404 962 2447 provincialis
988 2411 1019 2439 et
1043 2417 1097 2440 cu-

357 2456 466 2489 stodes
494 2456 685 2499 provinciae
720 2458 938 2501 supradictae,
962 2461 1096 2503 petitam

357 2508 539 2542 facultatem
550 2509 712 2542 dividendi
729 2511 874 2544 eamdem
884 2513 1094 2556 provinciam,

356 2561 548 2595 auctoritate
585 2564 774 2607 apostolica,
802 2569 916 2600 tenore
942 2577 1095 2610 praesen-

464 2623 542 2652 Bull.
563 2625 646 2654 Rom.
668 2642 700 2647 ——
725 2627 783 2657 Vol.
805 2627 864 2655 XX.
1009 2630 1042 2656 89

1780 173 1842 206 7th

1144 227 1236 267 tium,
1256 228 1463 261 concedimus
1488 234 1520 261 et
1542 229 1767 272 impartimur;
1793 232 1879 264 salva

1144 284 1251 315 tamen
1276 291 1406 324 semper
1430 281 1461 313 in
1486 283 1670 324 praemissis
1687 284 1878 318 auctoritate

1143 333 1411 377 Congregationis
1447 340 1700 368 memoratorum
1732 337 1879 370 cardina-

1143 385 1233 418 lium.

1187 439 1202 482 ἕ
1227 439 1258 473 3.
1278 440 1507 480 Decernentes‚
1526 440 1658 473 easdem
1681 441 1805 475 litteras
1831 442 1880 475 sir-

1143 502 1223 533 mas,
1245 493 1366 526 validas
1387 497 1419 525 ct
1444 493 1591 526 efficaces
1614 493 1753 527 existere
1779 500 1810 527 et
1836 496 1882 528 fo-

1144 556 1187 585 re,
1213 556 1354 589 suosque
1379 547 1544 589 plenarios
1579 552 1610 580 et
1633 547 1779 590 integros
1807 548 1883 581 etse-

1143 604 1212 631 ctus
1230 599 1338 632 sortiri
1357 604 1388 632 et
1405 599 1569 639 obtinere,
1587 610 1622 632 ae
1639 600 1715 640 illis,
1736 601 1774 633 ad
1800 611 1882 644 quos

1143 657 1267 694 spectat
1283 657 1314 684 et
1330 662 1389 694 pro
1408 657 1551 695 tempore
1576 653 1744 696 spectabit,
1764 654 1884 697 plenis-

1143 704 1223 736 sime
1244 703 1426 746 sutl'ragari,
1451 710 1482 737 et
1506 705 1545 737 ab
1571 705 1616 737 eis
1641 705 1819 748 respective
1838 706 1884 738 in-

1144 757 1341 790 violabiliter
1366 757 1557 797 observari,
1596 758 1706 800 sicque
1737 759 1769 790 iu
1795 769 1885 801 [zirac-

1144 810 1250 842 missis
1276 821 1335 853 per
1361 821 1582 853 quoscumque
1608 810 1732 843 iudices
1753 812 1885 844 ordina-

1144 863 1209 895 rios
1228 868 1258 895 et
1276 863 1457 905 delegatos,
1475 863 1571 895 ctiam
1590 874 1757 896 causarum
1772 865 1885 907 palatii

1144 915 1315 958 apostolici
1334 916 1513 955 auditores,
1539 915 1673 948 iudicari
1700 921 1730 949 et
1755 917 1884 949 definiri

1144 969 1286 1009 debere,
1314 979 1350 1001 ae
1375 968 1499 1000 irritum
1534 975 1565 1001 et
1598 969 1705 1010 inane,
1739 970 1765 1002 si
1791 980 1884 1003 secus

1144 1033 1242 1065 super
1272 1022 1323 1054 his
1349 1033 1366 1054 a
1392 1033 1579 1066 quoquam,
1603 1023 1714 1065 quavis
1745 1023 1886 1056 auctori-

1145 1081 1228 1115 tate,
1248 1076 1387 1108 scienter
1415 1076 1464 1108 vel
1486 1075 1691 1118 ignoranter,
1711 1076 1886 1119 contigerit

1144 1129 1304 1161 attentari.

1187 1182 1202 1225 ἓ
1226 1182 1257 1214 4.
1295 1181 1364 1214 Non
1395 1182 1597 1215 obstantibus
1622 1182 1820 1225 praemissis,
1849 1193 1884 1216 ac

1144 1235 1429 1267 constitutionibus
1456 1241 1488 1268 et
1513 1235 1776 1268 ordinationibus
1807 1247 1885 1280 apo-

1144 1288 1279 1327 stolicis,
1302 1298 1429 1320 necnon
1448 1288 1687 1331 praedictorum
1706 1288 1835 1321 Ordinis
1854 1295 1886 1322 ct

1144 1341 1340 1383 proviin-iae,
1364 1342 1459 1374 etiam
1488 1342 1683 1381 iuramento,
1719 1342 1886 1375 conflrma-

1145 1393 1231 1425 tione
1249 1393 1437 1436 apostolica⁷
1457 1395 1505 1426 vel
1525 1394 1635 1436 quavis
1654 1394 1802 1427 firmitate
1821 1395 1884 1428 alia

1142 1446 1325 1486 roboratis,
1355 1446 1482 1478 statutis
1513 1452 1544 1478 et
1568 1448 1882 1488 consuetudinilms·,

1143 1499 1321 1542 privilegiis
1355 1511 1510 1543 quoque,
1535 1500 1667 1533 indultis
1702 1506 1732 1533 et
1764 1501 1882 1534 litteris

1142 1552 1332 1595 apostolicis
1354 1552 1386 1584 in
1408 1553 1605 1586 contrarium
1627 1555 1883 1596 praemissorum

1142 1605 1392 1648 quomodolibet
1416 1607 1593 1646 concessis,
1616 1606 1816 1639 confirmatis
1852 1612 1883 1640 et

1142 1658 1320 1699 innovatis;
1349 1659 1466 1702 quibus
1491 1659 1644 1692 omnibus
1671 1665 1703 1693 et
1729 1660 1880 1703 singulis,

1142 1712 1272 1744 illorum
1296 1716 1425 1745 tenores
1451 1713 1679 1756 praesentibus
1704 1723 1762 1756 pro
1787 1715 1883 1756 plene

1142 1769 1174 1797 et
1198 1765 1396 1798 sufficienter
1421 1766 1581 1808 expressis
1607 1776 1642 1798 ac
1666 1766 1704 1799 de
1722 1767 1823 1799 verbo
1842 1767 1881 1800 ad

1141 1817 1272 1850 verbum
1297 1817 1428 1851 insertis
1459 1818 1628 1858 hahentes,
1650 1819 1714 1852 illis
1740 1820 1819 1852 alias
1848 1820 1881 1852 in

1141 1881 1197 1904 suo
1222 1871 1340 1904 robore
1365 1872 1599 1914 permansuris,
1621 1873 1660 1905 ad
1685 1873 1882 1915 praemisso-

1141 1935 1212 1957 rum
1238 1925 1397 1964 effectum,
1425 1926 1486 1958 hac
1515 1926 1582 1958 vice
1610 1926 1782 1965 dumtaxat,
1809 1937 1882 1970 spe-

1141 1978 1266 2011 cialiter
1291 1983 1322 2010 et
1339 1988 1491 2021 expresse
1514 1979 1728 2022 derogamus,
1748 1979 1881 2013 ceteris-

1140 2041 1202 2074 que
1224 2030 1397 2063 contrariis
1421 2031 1692 2074 quibuscumque.

1183 2084 1295 2117 Datum
1321 2084 1455 2124 Romae,
1482 2085 1566 2127 apud
1588 2084 1618 2117 S.
1638 2084 1768 2117 Mariam
1785 2085 1882 2119 Maio-

1140 2147 1216 2177 rem,
1229 2136 1286 2169 sub
1301 2138 1421 2169 annulo
1436 2137 1616 2177 piscatoris,
1633 2138 1683 2171 die
1702 2148 1732 2172 v1
1751 2139 1880 2182 augusti

1139 2199 1293 2229 inncxcw,
1321 2189 1528 2233 pontificatus
1556 2190 1659 2223 nostri
1685 2201 1770 2224 anno
1797 2201 1822 2224 v.

1175 2252 1235 2279 Dat.
1256 2252 1300 2279 die
1320 2252 1336 2280 6
1357 2251 1566 2287 augustiJlss95,
1589 2252 1686 2288 pontif,
1703 2261 1775 2281 anno
1790 2260 1816 2281 v.

1186 181 1227 203 ΧΗ
1254 182 1299 203 [Ψ.

1462 2388 1551 2422 CXII.

1140 2460 1362 2503 Confirmatio·
1406 2460 1565 2493 decretum
1610 2460 1878 2504 Conqreyationz’s

1181 2514 1398 2558 particularis
1418 2514 1503 2546 circa
1526 2525 1631 2548 vocem
1655 2514 1822 2547 custodum
1847 2520 1876 2548 et

1182 2568 1449 2602 eoeministrorzcm
1460 2567 1719 2612 provincialium
1731 2568 1876 2611 fratrum

1889 182 1936 208 An.
1958 182 1985 209 C.
2006 182 2071 208 tce-'1

1917 460 2038 483 Clausulam

1962 1196 2052 1217 Dei-02:11
2059 1197 2078 1217 io

1893 1226 2054 1245 contrariorum.
