2254 3225
219 216 315 242 Amo.
339 215 406 242 totio
451 206 494 239 6⁵2

411 265 496 297 idem
522 264 728 297 Innocentius
754 263 990 306 praedecessor
1014 262 1043 293 in
1077 261 1142 292 suis
1188 260 1450 292 Bartholomaeus
1486 259 1525 291 de
1559 259 1691 297 Hibera,
1716 256 1854 290 vicarius
1888 260 2106 290 etv-›inmunitam-

258 539 320 560 Fides
344 541 400 561 tran-

218 570 354 592 sumptorum.

246 1747 363 1767 Exordium.

245 2323 312 2344 Causa
330 2322 400 2344 dictae

1008 211 1184 236 ΠΓΗΛΠΠἫ
1209 211 1361 234 ΠΟΜΑΝΙΙΜ

412 317 526 350 litteris
553 317 748 360 supradictis
776 315 875 349 voluit
900 325 965 347 non
995 314 1143 352 obstare,
1187 317 1379 354 procurator
1417 311 1579 353 generalis
1620 310 1748 344 Ordinis
1786 309 1919 342 fratrum

412 370 595 413 ceterisque
649 369 820 402 contrariis
872 368 1141 411 quibuscumque.

1187 365 1219 396 Β.
1262 364 1378 396 Mariae
1418 365 1456 396 de
1497 364 1644 396 Mercede
1685 362 1919 405 redemptionis

411 422 640 455 Praesentibus
666 421 834 465 perpetuis
854 420 965 453 suturis
991 419 1145 462 tempori·
1164 446 1165 467 ἶ
1186 417 1403 459 captivorum,
1437 417 1528 448 nobis
1553 427 1658 459 nuper
1682 416 1797 459 exponi
1825 416 1919 456 fecit,

410 476 470 508 bus
493 475 650 508 valituris.

455 529 469 572 ἓ
494 528 524 561 li.
541 528 694 561 Volumus
711 533 818 559 autem
840 532 875 559 ut
897 527 1039 569 ipsarum
1058 535 1144 567 prae·

411 579 1144 621 sentiumlitterarumtransumptis,seuexeni-
1163 615 1165 632 Α
1227 626 1233 656 1
1326 626 1333 656 1
1366 624 1373 640 ί
1408 625 1413 630 “
1454 625 1460 656 1
1486 625 1498 656 s
1737 630 1745 656 ί
1794 625 1805 641 ³
1853 630 1861 656 t
1912 630 1923 657 t

1185 636 1220 656 sn
1235 636 1326 657 ieun(
1339 636 1356 657 o
1380 652 1385 663 ‚
1407 635 1452 656 in(
1465 636 1480 656 e
1497 634 1567 656 esse
1586 635 1732 667 occupan
1750 635 1787 656 ur
1807 652 1813 664 ‚
1831 635 1847 657 e
1865 651 1872 664 ‚
1887 636 1905 656 u

411 634 485 677 plis,
513 633 609 666 etiam
630 633 804 675 impressis,
822 642 915 664 manu
935 630 1068 662 alicuius
1086 639 1144 660 no-

1163 470 1300 516 gsratres
1340 475 1372 501 et
1414 469 1557 511 religiosi
1593 469 1736 501 eiusdem
1769 468 1921 508 Ordinis,

1186 522 1214 553 in
1250 522 1450 563 captivorum
1487 521 1709 563 redemptione
1736 521 1922 562 gravissima

1185 584 1332 616 quaeque
1365 573 1552 605 discrimina
1584 578 1615 605 et
1646 573 1791 615 pericula
1825 573 1864 606 ad
1890 573 1921 605 id

413 686 484 717 [arii
510 685 631 728 publici
658 684 859 726 sulssffl-jpljc,
886 690 918 715 ρι
942 683 1050 724 sig-5110
1071 692 1144 723 per-
1164 684 1165 689 ¹
1187 683 1248 709 tam
1276 677 1361 719 pium
1388 687 1469 719 opus
1495 687 1533 709 eo
1569 677 1708 709 alacrius
1730 677 1923 710 continuent

411 748 509 770 sonae
534 738 565 769 in
592 737 811 769 ecclesiastiea
837 735 990 777 (lignitate
1024 732 1143 765 consti-
1186 740 1220 760 ae
1237 729 1347 762 utilius
1366 734 1577 770 exequantur,
1598 729 1773 771 plurimum
1791 729 1923 772 cupiant

412 794 499 823 tutae
536 790 685 827 munitis,
712 789 824 821 eadem
851 798 984 830 prorsus
1009 785 1087 817 [ides
1112 785 1142 816 in

411 843 530 875 iudicio
556 848 587 875 et
613 848 700 874 extra
730 841 807 873 illud
845 841 964 882 ubique
999 840 1141 871 locorum

412 896 580 934 habeatur,
602 904 684 937 quae
703 893 778 936 ipsis
797 892 1021 935 praesentibus
1046 890 1144 922 liabe-

412 953 503 980 retur
527 948 550 979 si
578 947 681 979 forent
707 945 867 978 exhibitae
893 945 941 976 vel
969 948 1130 975 ostensae.

455 999 566 1032 Datum
592 999 731 1035 Romae,
760 997 843 1040 apud
873 996 904 1028 S.
932 995 1059 1027 Mariam
1087 995 1146 1026 Ma-

412 1053 531 1091 iorem,
559 1053 617 1083 snb
650 1051 769 1083 annulo
806 1049 1002 1087 piscatoris,
1030 1048 1081 1080 die
1107 1058 1144 1080 xv

411 1105 521 1148 aprilis
540 1114 657 1142 mecm,
679 1103 883 1146 pontificatus
902 1101 1001 1133 nostri
1020 1111 1104 1133 anno
1120 1110 1142 1133 1.

446 1166 506 1192 Dat.
524 1166 569 1191 die
588 1166 620 1191 15
639 1165 730 1200 aprilis
753 1164 830 1196 1690,
852 1163 950 1199 pontis.
972 1171 1017 1189 an,
1034 1169 1051 1189 1.

728 1306 806 1339 xlx.

1186 782 1319 814 aliarum
1346 781 1542 823 religionum
1570 786 1601 814 et
1626 781 1782 814 Ordinum
1803 783 1920 823 gratias

1186 840 1218 866 et
1243 834 1421 877 privilegia,
1449 835 1604 867 hactenus
1631 845 1647 867 a
1671 834 1752 867 Sede
1778 835 1919 878 Aposto-

1187 889 1248 920 lica
1273 898 1452 927 concessa,
1479 888 1566 920 dicto
1600 898 1714 921 eorum
1747 889 1859 922 Ordini
1885 890 1923 923 il-

1187 941 1314 983 liusque
1351 941 1504 973 fratribus
1541 946 1572 974 et
1608 942 1687 974 locis
1711 952 1771 985 per
1806 953 1865 976 nos
1890 948 1923 976 et

1187 993 1302 1025 Sedem
1335 994 1481 1026 eamdem
1514 995 1648 1027 concedi
1687 1000 1718 1027 et
1742 997 1923 1028 communi-

1187 1046 1272 1085 eari;
1300 1045 1394 1078 nobis
1420 1051 1595 1089 propterea
1631 1047 1715 1079 idem
1753 1047 1924 1081 Bartholo-

1188 1108 1297 1130 maeus
1323 1098 1459 1130 vicarius
1484 1104 1516 1131 et
1540 1104 1733 1141 procurator
1758 1101 1922 1142 generalis

1187 1151 1355 1183 humiliter
1386 1152 1563 1194 supplicari
1597 1152 1673 1184 fecit
1703 1158 1737 1184 ut
1770 1153 1801 1185 in
1831 1164 1923 1196 prae-

1187 1203 1293 1236 missis
1319 1209 1502 1247 opportune
1524 1204 1694 1247 providere
1721 1211 1750 1236 et
1780 1212 1814 1238 ut
1839 1207 1924 1239 infra

1187 1257 1357 1299 indulgere
1382 1257 1420 1289 de
1446 1257 1648 1300 benignitate
1674 1259 1856 1300 apostolica
1875 1260 1923 1292 di-

1187 1320 1371 1351 gnaremur.
1722 1307 1725 1313 ’

1926 206 1974 231 An.
1997 206 2025 232 C.
2046 206 2111 233 ltss]

1230 1364 1243 1406 ξ
1269 1363 1299 1396 2.
1326 1363 1389 1396 Nos
1415 1363 1521 1406 igitur,
1537 1370 1748 1397 memoratum
1769 1365 1921 1400 Ordinem
1951 1371 2116 1393 cummunicauo

1934 1399 2036 1419 dictorum
2051 1401 2117 1425 prui-

1187 1417 1298 1448 beatae
1325 1417 1441 1449 Mariae
1474 1417 1512 1450 de
1545 1417 1702 1455 Mercede,
1731 1419 1821 1450 cuius
1853 1430 1920 1460 nos,
1934 1425 2034 1471 teqivjrum
2050 1429 2069 1445 ει
2087 1427 2116 1446 iu-

1187 1469 1261 1501 dnm
1287 1469 1508 1501 cardinalatus
1535 1470 1662 1502 honore
1697 1470 1922 1512 fungebamur,
1934 1453 1960 1471 (ω
1972 1455 2096 1477 '‘amum''

412 1386 704 1423 Sommmii'canlur
723 1384 897 1426 pri'rilesyin
918 1388 946 1415 el
972 1382 1145 1425 i'mlnlqm-

459 1441 522 1471 liae
566 1444 737 1470 ceterorum
778 1437 980 1479 reynluiinm
1026 1436 1146 1469 Ort-lim·

454 1492 493 1523 B.
513 1491 555 1523 M.
584 1490 621 1522 cle
637 1489 775 1523 Mercede
796 1489 1024 1532 redemptionis
1042 1488 1144 1531 capti-

453 1553 562 1575 vorum
576 1542 594 1575 ¹.

596 1621 762 1648 Alexander
784 1621 863 1653 Papa
884 1621 963 1653 vlu,

513 1666 553 1693 Ad
573 1669 749 1700 perpetuam
768 1667 812 1692 rei
833 1666 1018 1692 memoriam.

453 1736 655 1770 inscrutabili
669 1742 817 1769 aeternae
828 1736 1010 1778 Sapientiae
1026 1746 1144 1768 arcano

411 1791 633 1833 speculatores
659 1790 773 1822 domus
806 1789 915 1827 lsra'el,
953 1789 1044 1821 nullo
1069 1790 1145 1821 licet

410 1842 597 1875 meritorum
623 1848 804 1875 nostrorum
831 1841 991 1882 suffragio,
1026 1842 1145 1873 consti-

412 1895 482 1934 tuti‚
507 1895 673 1936 religiosos
707 1894 843 1927 Ordines
869 1894 899 1926 in
925 1894 1065 1927 Ecclesia
1090 1894 1143 1926 Dci

410 1948 463 1992 pie
489 1954 661 1991 sancteque
687 1949 856 1990 plantatos,
883 1958 918 1979 ac
943 1947 1060 1979 uberes
1091 1948 1145 1979 bo-

410 2011 526 2033 norum
552 2011 687 2044 opernm
714 2001 833 2032 fructus
859 2000 1005 2043 proferre
1026 2000 1145 2042 iugiter

411 2058 607 2096 satagentes,
632 2053 797 2085 favoribus
823 2058 854 2085 ct
878 2053 999 2095 gratiis,
1026 2053 1143 2095 quibus

411 2116 578 2148 possumus
612 2106 832 2148 amplissimis,
869 2106 1010 2138 libenter
1034 2116 1145 2148 prose-

411 2157 548 2201 quimur,
568 2163 662 2200 prout
686 2168 805 2197 rerum,
825 2163 856 2190 et
874 2163 1054 2200 temporum
1069 2168 1145 2200 qua-

410 2209 553 2242 litatibus
574 2210 681 2242 debite
700 2210 856 2252 pensatis,
873 2209 1092 2253 conspicimus
1112 2210 1142 2242 in

410 2262 546 2295 Domino
571 2263 744 2295 salubriter
768 2263 935 2306 expedire.

454 2315 469 2358 ἓ
492 2315 523 2347 1.
551 2315 626 2348 Cum
652 2316 771 2359 itaque,
791 2317 874 2348 sicut
898 2316 1035 2349 dilectus
1060 2315 1145 2348 filius

447 2413 456 2439 1
480 2411 558 2438 Aliud
569 2411 736 2447 privilegium
754 2412 806 2439 vid.
824 2413 849 2438 in
865 2411 1008 2439 Clementis
1023 2412 1041 2438 X
1059 2415 1142 2438 const.

410 2455 475 2483 edit.
505 2463 637 2487 nroccxw,
668 2456 709 2483 die
732 2457 762 2483 19
782 2457 850 2490 iulii,
871 2457 960 2491 pontif
989 2463 1030 2487 νη
1056 2456 1142 2483 indul·

409 2501 514 2535 gentius
525 2509 586 2527 vero
597 2501 623 2526 in
635 2500 777 2527 Clementis
787 2501 803 2527 Χ
817 2506 901 2528 const.
918 2501 982 2527 edit.
999 2506 1143 2532 MDCLxxul,

411 2545 453 2571 die
472 2545 506 2571 29
526 2545 684 2578 decembris,
702 2546 796 2580 pontif.
814 2552 849 2579 lv,
866 2550 891 2571 et
906 2546 931 2571 in
947 2545 1090 2571 Clementis
1110 2545 1142 2570 Xl

411 2589 516 2616 constit.
529 2589 573 2615 ed.
590 2595 725 2623 noemin,
742 2590 786 2616 die
803 2591 816 2615 Α
831 2589 947 2625 angusti,
964 2589 1058 2624 pontif.
1076 2594 1140 2614 xvii.

1187 1526 1389 1564 protectores
1414 1523 1590 1565 apostolica
1616 1523 1804 1556 auctoritate
1822 1525 1920 1567 depu-

1189 1574 1241 1606 tati
1269 1585 1406 1613 cramus,
1431 1585 1594 1618 propenso
1619 1576 1817 1618 apostolicae
1847 1578 1923 1610 cha-

1188 1628 1290 1660 ritatis
1316 1628 1424 1662 studio
1455 1630 1725 1670 complectentes,
1752 1629 1921 1673 ipsumque

1187 1680 1472 1713 Bartlioloinaeum
1496 1681 1648 1713 vicarium
1674 1686 1706 1713 et
1735 1688 1922 1724 procurato-

1187 1745 1253 1767 rem
1279 1735 1483 1775 generalem,
1518 1739 1547 1766 et
1580 1734 1762 1776 singulares
1795 1735 1921 1768 Ordinis

1188 1786 1374 1819 huiusmodi
1391 1797 1557 1829 personas,
1578 1797 1594 1819 a
1613 1787 1780 1829 quibusvis
1798 1798 1922 1820 excom-

1186 1839 1422 1878 municationis,
1449 1839 1674 1882 suspensionis
1697 1845 1729 1871 et
1746 1840 1920 1880 interdicti,

1187 1893 1321 1936 aliisque
1347 1891 1577 1924 ecclesiasticis
1603 1891 1783 1931 sententiis,
1806 1903 1922 1925 censu-

1188 1946 1230 1978 ris
1268 1951 1299 1978 et
1334 1945 1474 1988 poenis,
1498 1955 1513 1977 a
1538 1945 1607 1977 iure
1632 1946 1682 1977 vel
1708 1945 1747 1977 ab
1773 1945 1919 1985 homine,

1187 1998 1297 2041 quavis
1324 1998 1495 2031 occasione
1521 1998 1570 2030 vel
1596 1999 1689 2029 causa
1710 1997 1791 2036 latis,
1809 1997 1834 2029 si
1856 1997 1922 2040 qui-

1187 2052 1245 2084 bus
1261 2050 1509 2094 quomodolibet
1523 2050 1698 2082 innodatae
1712 2050 1863 2089 existunt,
1880 2050 1920 2083 ad

1186 2104 1332 2137 effectum
1358 2103 1578 2146 praesentium
1615 2103 1781 2135 dumtaxat
1805 2113 1920 2136 conse-

1187 2157 1367 2200 quendum,
1394 2157 1507 2188 harum
1545 2156 1628 2188 serie
1654 2155 1859 2188 absolventes
1889 2160 1921 2188 et

1186 2210 1346 2242 absolutas
1365 2209 1430 2241 fore
1447 2213 1627 2246 censentes,
1642 2207 1826 2240 huiusmodi
1845 2218 1920 2250 sup-

1186 2261 1416 2305 plicationibus
1441 2260 1597 2299 inclinati,
1624 2260 1662 2291 de
1686 2259 1918 2292 venerabilium

1187 2316 1318 2347 fratrum
1355 2318 1539 2346 nostrorum
1575 2312 1605 2344 S.
1635 2312 1671 2344 R.
1698 2311 1732 2344 E.
1770 2312 1919 2345 cardina-

1187 2368 1263 2400 lium
1289 2366 1428 2408 negotiis
1452 2370 1482 2398 et
1521 2364 1814 2396 consultationibus
1851 2365 1918 2407 epi-

1186 2431 1357 2463 scoporum
1383 2424 1414 2451 et
1437 2417 1633 2460 regularium
1656 2417 1917 2460 praepositorum

1185 2474 1329 2512 consilio,
1348 2472 1451 2505 eidem
1469 2470 1580 2504 Ordini
1599 2470 1730 2502 fratrum
1748 2470 1782 2502 B.
1802 2469 1917 2503 Mariae

1222 2545 1231 2569 1
1256 2542 1326 2568 Edit.
1342 2540 1421 2566 Main.
1438 2539 1504 2573 legit
1522 2539 1670 2565 subeunda
1690 2540 1727 2565 (R.
1744 2540 1793 2571 Τ.).

1220 2586 1237 2612 2
1257 2585 1348 2620 Aptius
1367 2584 1426 2619 lege
1446 2585 1618 2617 occupentur
1637 2583 1674 2617 (a.
1695 2584 1743 2617 τ.).
