2227 3225
72 266 120 294 Λιι.
138 265 165 294 C.
190 266 256 293 1699

843 264 1054 288 tNNOCEN't'tth
1080 265 1123 287 ΧΗ
1148 265 1195 287 tr.

266 312 445 359 patientia,
472 311 705 357 praecautione
741 317 772 345 et
812 313 1004 345 subtilitate.

266 368 403 411 Oportet
427 377 460 399 se
487 366 569 398 intra
595 366 654 398 bos
680 365 797 399 limites
824 366 1005 405 continere,

268 427 302 454 ut
326 420 451 453 sinatur
475 419 558 452 Deus
584 430 689 462 agere,
721 424 752 452 et
778 430 942 462 nunquam
969 420 1007 452 ad

266 484 383 518 purum
403 484 545 506 amorem
560 473 688 513 ducere,
704 473 764 512 nisi
781 474 910 516 quando
926 473 1008 506 Deus

266 537 326 571 per
357 527 543 559 unctionem
577 527 765 559 interiorem
795 526 911 569 incipit
936 537 1009 570 ape-

266 581 331 614 rire
357 591 413 614 cor
438 581 515 613 huic
540 582 649 619 verbo,
671 581 757 624 quod
784 581 865 613 adeo
891 581 1007 613 durum

267 640 313 668 est
339 635 509 668 animabus
534 635 641 667 adbuc
666 635 796 667 sibimet
829 634 952 674 affixis,
979 640 1010 667 et

267 688 350 722 adeo
368 694 475 732 potest
494 689 565 722 illas
583 689 802 721 scandalizare
821 688 919 720 autin
938 698 1009 731 per-

269 742 486 775 turbationem
512 741 688 775 coniicere.

312 807 355 829 lv.
376 796 410 829 ln
429 801 512 828 statu
527 802 655 829 sanctae
671 795 921 831 indifferentiae.
941 795 1010 828 ani-

267 860 319 882 ma
343 860 409 882 non
436 849 533 882 habet
555 849 693 892 amplius
715 849 875 881 desideria
900 850 1010 881 volnu-

269 903 350 936 taria
375 908 408 935 et
433 903 614 936 deliberata
646 909 780 946 propter
812 913 904 935 suum
931 903 1011 935 inte-

267 967 366 996 resse,
381 957 525 1000 exceptis
541 957 580 989 iis
598 957 824 990 occasionibus
842 956 873 988 in
893 956 1010 999 quibus

270 1010 325 1043 toti
339 1020 415 1042 suae
429 1010 551 1052 gratiae
566 1009 706 1043 fideliter
724 1020 788 1043 non
802 1015 1008 1052 cooperatur.

312 1073 343 1096 v.
372 1063 405 1095 In
432 1064 545 1096 eodem
567 1067 649 1097 statu
672 1069 801 1096 sanctae
824 1062 1012 1095 inuitl'eren-

270 1117 351 1157 tiae,
378 1117 460 1150 nihil
487 1117 602 1156 nobis,
629 1118 737 1150 onmia
763 1117 827 1150 Deo
852 1119 1009 1150 volumus,

269 1170 356 1203 Nihil
374 1172 523 1203 volumus
542 1176 576 1202 ut
593 1171 692 1203 simus
718 1170 852 1213 perfecti
870 1176 900 1202 et
925 1170 1009 1203 beati

269 1229 408 1267 propter
426 1223 585 1256 interesse
604 1224 783 1266 proprium,
803 1224 858 1255 sed
879 1234 1009 1256 omnem

269 1277 506 1322 perfectionem
533 1288 569 1310 ac
594 1278 831 1310 beatitudiuem
853 1279 1010 1316 volumus,

270 1330 302 1363 in
329 1336 483 1373 quantum
509 1331 573 1363 Deo
599 1332 707 1374 placet
731 1331 859 1364 efficere
886 1331 1012 1364 utreli-

270 1395 341 1417 mus
360 1395 412 1417 res
435 1385 511 1417 istas
530 1385 745 1427 impressione
765 1395 843 1417 suae
862 1384 995 1426 gratiae.

314 1448 358 1471 vt.
379 1438 411 1470 In
430 1438 493 1470 boc
518 1444 646 1470 sanctae
665 1438 903 1470 indill'erentiae
928 1444 1010 1469 statu

270 1491 422 1524 nolumus
455 1490 593 1533 amplius
627 1491 785 1530 salutem,
817 1496 852 1523 nt
876 1491 1012 1524 salutem

270 1543 445 1588 propriam,
466 1549 501 1576 ut
525 1544 757 1577 liberationem
782 1549 961 1584 aeternam,
980 1550 1013 1576 ut

270 1598 458 1631 mercedem
472 1603 659 1631 nostrorum
674 1598 876 1638 meritorum,
892 1604 1016 1631 nostroae

272 1662 345 1685 rum
370 1651 528 1685 interesse
555 1652 700 1684 omnium
730 1652 928 1692 maximum3
957 1652 1014 1685 sed

275 1716 346 1738 eam
371 1706 522 1738 volumus
548 1706 712 1738 voluntate
738 1706 834 1748 plena
851 1732 858 1745 ‚
887 1711 920 1737 ut
946 1706 1015 1747 glo-

274 1759 355 1791 riam
382 1764 413 1791 et
429 1759 673 1802 beneplacitum
692 1759 762 1798 Dei,
780 1764 814 1790 ut
832 1769 898 1791 rem
918 1770 1014 1801 quam

273 1812 344 1855 ipse
370 1813 439 1845 vult
463 1817 495 1845 et
520 1822 614 1855 quam
641 1822 701 1844 nos
731 1813 798 1844 vult
833 1813 915 1845 velle
940 1823 1015 1855 pro-

273 1871 346 1909 pter
372 1866 491 1909 ipsum.

319 1930 375 1953 vn.
396 1919 567 1952 Derelictio
586 1930 650 1952 non
670 1924 717 1952 est
742 1919 805 1952 ni<i
827 1919 1013 1962 abnegatio,

274 1983 327 2006 seu
355 1973 419 2005 sui'
446 1973 549 2016 ipsius
576 1973 793 2012 renunciatio,
814 1984 907 2016 quam
926 1973 1014 2005 lesus

274 2026 422 2060 Christus
448 2037 463 2058 a
490 2026 582 2058 nobis
607 2026 639 2058 in
665 2026 840 2068 Evangelio
866 2027 1014 2069 requirit,

273 2084 448 2123 postquam
476 2085 608 2112 externa
635 2080 744 2112 omnia
769 2079 1013 2122 reliquerimus.

274 2133 337 2166 Ista
362 2133 464 2166 nostri
491 2133 637 2176 ipsorum
663 2133 837 2175 abnegatio
864 2144 929 2165 non
953 2140 1014 2173 est,

273 2186 335 2219 nisi
351 2186 456 2229 quoad
472 2186 629 2219 interesse
645 2187 826 2230 proprium.
846 2187 1015 2219 Extremae

273 2240 504 2284 probationes,
531 2240 564 2272 in
596 2241 712 2283 quibus
738 2240 819 2273 baec
845 2240 1016 2282 abnegatio

275 2304 332 2327 seu
358 2294 406 2327 sui
425 2294 525 2337 ipsius
548 2294 717 2327 derelictio
737 2294 880 2327 exerceri
907 2294 1015 2333 debet,

276 2352 351 2379 sunt
369 2347 575 2387 tentationes,
595 2347 712 2390 quibus
734 2348 817 2379 Deus
836 2348 1018 2380 aemulator

276 2401 343 2432 vult
368 2411 508 2443 purgare
534 2411 689 2440 amorem,
708 2402 831 2433 nullum
858 2400 885 2433 ei
912 2406 1019 2433 osten-

278 2453 442 2486 tendendo
460 2454 654 2497 perfugium,
674 2464 780 2497 neque
806 2454 904 2486 ullam
926 2464 1017 2497 spem

278 2506 386 2550 quoad
411 2517 502 2540 suum
534 2507 690 2541 interesse
726 2508 896 2552 proprium
922 2508 1017 2541 etiam

277 2565 457 2592 aeternum.

322 2622 392 2645 viu.
419 2612 531 2646 Omnia
562 2615 738 2655 sacrificia,
765 2625 848 2658 quae
875 2615 944 2648 lieri
969 2626 1018 2648 so-

313 2675 323 2702 l
348 2674 418 2702 Edit.
441 2674 521 2703 Main.
542 2675 608 2712 legit
627 2678 686 2707 suis
706 2686 755 2714 pro
775 2678 820 2706 sui
836 2680 873 2713 (n.
890 2678 939 2714 12).

1691 255 1749 290 871

1051 313 1119 345 lent
1151 313 1191 346 ab
1223 312 1392 345 animabus
1427 313 1662 355 quammaxime
1695 314 1794 346 disin·

1051 366 1221 398 teressatis
1247 365 1332 398 circa
1357 376 1466 398 carum
1499 372 1664 399 aeternam
1689 368 1794 400 beati-

1053 419 1205 458 tudinem,
1222 425 1297 451 sunt
1321 419 1573 459 conditionalia3
1588 420 1643 451 sed
1668 419 1729 452 boc
1747 432 1795 453 sa-

1052 472 1208 505 crificium
1236 483 1301 505 non
1328 477 1436 515 potest
1462 482 1531 504 esse
1558 472 1743 505 absolutum
1762 473 1793 505 in

1052 531 1136 558 statu
1155 525 1333 559 ordinario.
1353 526 1386 558 ln
1403 537 1467 559 uno
1485 531 1700 558 extremarum
1720 536 1795 568 pro-

1052 580 1221 612 bat'10num
1239 590 1312 612 casu
1340 580 1404 612 hoc
1428 578 1620 612 sacrificium
1639 578 1795 623 {italique

1053 633 1149 666 modo
1176 634 1373 666 absolutum.

1098 697 1139 719 tx.
1168 686 1200 719 In
1227 686 1379 719 extremis
1413 686 1662 730 probationibus
1689 690 1796 730 polest

1054 740 1180 773 animae
1219 740 1454 773 invincibiliter
1494 750 1686 784 persuasum
1727 750 1795 773 esse

1054 794 1265 837 persuasione
1291 794 1420 833 reflexa,
1438 798 1471 826 et
1489 804 1572 837 quae
1598 804 1663 826 non
1685 798 1733 826 est
1750 793 1796 826 in-

1054 848 1148 880 timus
1175 847 1396 881 conscientiae
1424 847 1550 887 fundus,
1577 857 1610 880 se
1636 847 1718 880 iuste
1746 857 1797 879 re-

1055 901 1223 944 probatam
1250 911 1321 933 esse
1347 912 1363 933 a
1389 901 1467 934 Deo.

1097 965 1127 987 x.
1155 954 1243 986 Tunc
1268 955 1375 987 anima
1401 954 1501 987 divisa
1520 965 1536 986 a
1555 954 1729 998 semetipsa
1748 964 1797 987 ex-

1054 1008 1138 1051 pirat
1157 1019 1229 1040 cum
1244 1008 1372 1040 Cliristo
1388 1007 1419 1040 in
1435 1018 1540 1045 cruce,
1558 1008 1681 1040 dicens:
1701 1008 1796 1047 Deus,

1055 1061 1140 1093 Deus
1161 1072 1262 1099 meus,
1285 1066 1319 1093 ut
1345 1059 1426 1104 quid
1450 1060 1659 1104 dereliquisti
1683 1071 1742 1092 me.
1764 1060 1797 1092 ln

1056 1115 1115 1147 hac
1141 1114 1362 1148 involuntaria
1394 1115 1609 1158 impressione
1644 1115 1799 1158 (lespera-

1057 1168 1163 1207 tionis,
1183 1168 1313 1201 conticit
1330 1168 1523 1200 sacrificium
1545 1168 1729 1201 absolutum
1751 1167 1798 1200 sui

1055 1223 1211 1255 iuteresse
1237 1222 1360 1266 proprii
1387 1223 1491 1265 quoad
1514 1222 1752 1254 aeternitatem.

1099 1289 1142 1311 xl.
1170 1277 1202 1309 ln
1232 1277 1292 1309 boc
1308 1282 1390 1308 statu
1409 1277 1516 1308 anima
1535 1276 1651 1308 amittit
1669 1286 1798 1308 omnem

1057 1342 1145 1374 spem
1163 1331 1208 1363 sui
1230 1330 1353 1373 proprii
1376 1330 1545 1366 interesse,
1560 1330 1614 1362 sed
1635 1339 1798 1372 nunquam

1056 1385 1174 1417 amittit
1198 1384 1230 1416 in
1256 1389 1344 1426 parte
1371 1382 1547 1426 superiori,
1568 1383 1653 1415 idest
1677 1382 1709 1414 in
1735 1381 1800 1414 suis

1057 1438 1183 1470 actibus
1209 1437 1342 1470 directis
1367 1443 1397 1469 et
1424 1436 1557 1475 intimis,
1584 1446 1673 1478 spem
1696 1436 1802 1478 perse-

1057 1497 1151 1529 ctau·,
1171 1501 1254 1533 quae
1275 1495 1323 1522 est
1349 1489 1548 1522 desiderium
1574 1489 1800 1522 disinteressa-

1059 1550 1123 1576 tum
1149 1543 1398 1586 promissorum.

1100 1608 1157 1631 κη.
1186 1597 1334 1630 Director
1360 1602 1435 1629 tunc
1453 1601 1563 1640 potest
1581 1595 1657 1629 huic
1674 1595 1801 1629 animae

1058 1652 1262 1696 permittere,
1281 1656 1316 1683 ut
1336 1650 1530 1695 simpliciter
1554 1650 1740 1694 acquiescat
1758 1649 1802 1683 ia-

1058 1711 1168 1738 cturae
1202 1705 1249 1737 sui
1284 1705 1408 1748 proprii
1435 1704 1605 1744 interesse,
1634 1709 1664 1737 et
1697 1704 1800 1736 iustae

1058 1759 1326 1792 condemnationi
1364 1769 1458 1802 quam
1491 1757 1551 1790 sibi
1586 1768 1602 1790 a
1627 1758 1692 1790 Deo
1718 1757 1802 1790 indi-

1058 1817 1141 1844 ctam
1170 1812 1284 1844 credit.

1102 1876 1172 1899 xiii.
1189 1866 1330 1898 lnserior
1347 1865 1465 1898 Christi
1485 1876 1559 1909 pars
1578 1864 1609 1898 in
1627 1876 1721 1898 cruce
1738 1875 1801 1898 non

1059 1919 1310 1952 communicavit
1334 1919 1495 1962 superiori
1521 1929 1593 1952 suas
1618 1919 1802 1952 involunta-

1060 1973 1123 2004 rias
1149 1972 1426 2014 perturbationes.

1102 2036 1166 2058 xiv.
1202 2025 1234 2057 ln
1273 2026 1425 2058 extremis
1458 2026 1709 2069 probationibus
1743 2037 1801 2070 pro

1060 2079 1288 2122 puriticatione
1321 2079 1440 2111 amoris
1467 2080 1500 2112 lit
1526 2081 1683 2123 quaedam
1711 2091 1802 2124 sepa-

1061 2133 1142 2165 ratio
1174 2133 1272 2176 partis
1307 2133 1487 2176 superioris
1518 2134 1645 2167 animae
1681 2135 1720 2167 ab
1747 2135 1802 2167 in·-

1061 2187 1183 2220 seriori.
1206 2187 1240 2219 In
1267 2187 1325 2220 ista
1357 2188 1560 2231 separatione
1589 2194 1676 2221 actus
1701 2189 1802 2232 partis

1061 2240 1223 2273 inferioris
1248 2246 1380 2273 manant
1416 2252 1452 2273 ex
1486 2241 1619 2275 omnino
1646 2245 1741 2275 caeca
1772 2248 1802 2276 et

1061 2293 1276 2326 involuntaria
1301 2294 1573 2336 perturbatione;
1600 2306 1673 2327 nam
1701 2300 1801 2328 totum

1062 2348 1148 2390 quod
1175 2353 1222 2380 est
1252 2349 1470 2381 voluntarium
1503 2354 1535 2381 et
1560 2349 1799 2390 intellectuale,

1062 2406 1111 2433 est
1134 2400 1235 2444 partis
1257 2402 1447 2444 superioris.

1105 2464 1157 2488 xv.
1185 2454 1350 2488 Meditatio
1370 2459 1496 2488 constat
1522 2454 1709 2488 discursivis
1728 2454 1804 2488 acti-

1061 2508 1132 2548 bus,
1152 2508 1240 2552 quia
1258 2519 1292 2541 se
1314 2508 1452 2541 invicem
1479 2508 1571 2541 facile
1598 2508 1804 2550 distinguun-

1063 2569 1126 2595 tur.
1153 2562 1216 2594 lsta
1241 2562 1439 2605 compositio
1462 2567 1589 2595 actuum
1612 2561 1805 2594 discursive-

1062 2626 1133 2647 rum
1159 2620 1191 2648 et
1215 2616 1410 2648 ressexorum
1444 2620 1493 2647 est
1524 2614 1657 2658 propria
1682 2614 1804 2653 exerci-

1062 2669 1141 2702 tatio
1168 2669 1285 2703 amoris
1311 2668 1508 2702 interessati.

1801 265 1848 291 au.
1867 265 1894 290 (ἱ.
1922 264 1986 291 toro
