2254 3225
198 244 245 270 An.
264 242 293 270 c.
317 241 385 269 1698
432 232 496 267 836
976 244 1158 268 BULLARIUM
1181 243 1338 268 ROMANUM

388 302 553 324 cessorum
579 292 719 331 litteras,
747 303 857 326 earum
885 298 1015 326 tenores
1033 294 1128 326 etiam
1173 293 1306 336 speciali
1332 298 1363 326 et
1388 293 1575 326 immediata
1595 291 1799 336 protectione
1818 290 1916 324 susci-

388 345 534 378 veriores
560 346 784 389 praesentibus
811 357 870 390 pro
895 348 992 390 plene
1019 352 1049 380 et
1066 347 1131 379 sus-
1174 346 1293 390 pimus.

387 398 537 432 sicienter
562 401 726 442 expressis
761 411 797 432 ac
822 401 860 433 de
878 400 976 432 verbo
996 400 1033 432 ad
1059 411 1130 433 ver·
1219 401 1233 442 ξ
1259 400 1290 433 4.
1317 399 1451 433 Omnem
1471 410 1545 433 vero
1564 404 1596 432 et
1618 410 1854 443 quamcumque
1870 399 1935 445 ³¹¹<
1980 411 2113 441 ,Conceditur

388 454 463 486 bum
489 453 617 485 insertis
645 454 827 488 habentes.
855 459 942 486 motu
977 454 1131 496 proprio,
1176 454 1489 492 risdictionem‚1am
1515 453 1768 486 ecclesiasticam
1795 459 1827 486 et
1852 453 1916 496 spi·
1928 444 2013 484 f-'ii'ff'Sin
2029 439 2113 486 '35¹5'ss

389 513 419 540 et
444 518 480 539 ex
506 509 591 539 certa
617 507 762 545 scienti-¹³1,
790 507 896 549 deque
930 507 1132 549 apostolicae

1944 498 1983 511 111111
2000 494 2019 510 ot
2036 493 2115 512 civita-

389 561 557 603 potestatis
583 560 810 602 plenitudine,
841 560 901 591 bac
927 561 1038 592 nostra
1062 570 1134 601 per-

1923 242 1976 270 An.
1992 241 2021 270 C.
2040 242 2110 272 1698

1929 600 1985 618 ttae.

1178 507 1326 539 ritualem
1353 518 1388 539 ae
1410 507 1501 549 quasi
1526 507 1857 549 episcopalem,quae
1884 499 1970 539 inissm
1995 518 2114 543 congrega-

389 619 488 656 petuo
515 613 651 645 valitura
676 613 905 645 constitutione
931 612 968 644 ad
996 612 1132 644 sormam

1177 560 1326 592 camdem
1361 558 1391 591 S.
1420 559 1579 598 Domum,
1614 559 1748 602 eiusque
1781 545 2115 593 territo-'n'i'ssbissssme‘ssssl

391 672 424 700 et
449 667 606 700 terminos
628 666 712 698 insra
730 666 959 708 exprimendos
982 666 1134 698 modera-

390 730 463 752 mur
479 747 486 759 ‚
512 719 696 752 reducimus
717 746 724 759 ,
760 719 985 762 restringimus
1012 724 1043 751 et
1067 718 1131 750 im-

391 778 567 805 mutamus.

435 826 449 869 g
469 826 500 859 .3.
522 827 564 858 Ae
582 826 842 869 primoquidem,
858 825 1026 868 cupientes
1045 836 1135 868 prae-

366 870 475 912 y³satae
500 884 630 911 sanctae
660 880 804 921 capellae
831 889 888 911 seu
915 879 1042 919 domui,
1078 878 1133 911 11111

390 932 529 965 Verbum
549 943 624 965 earo
637 932 754 964 sactum
771 937 829 971 est,
843 931 1133 975 praeeminentiam

392 997 540 1026 omnem,
566 986 666 1018 decus
693 991 724 1018 et
750 985 1032 1018 honorificentiam
1059 995 1134 1018 con-

391 1039 528 1077 servari,
549 1050 607 1071 nec
626 1040 690 1071 utta
708 1050 743 1071 ex
762 1043 854 1081 parte
872 1038 1031 1077 imminui⁷
1056 1037 1134 1081 quin

392 1093 499 1136 potius
525 1092 731 1125 uberioriltuis
757 1092 867 1134 gratiis
893 1098 924 1124 et
956 1092 1133 1135 privilegiis

392 1145 594 1188 amplificari,
612 1145 779 1187 diligimus
800 1145 885 1177 enim
909 1145 1061 1178 decorem
1080 1145 1135 1177 do-

393 1210 463 1232 mus
490 1200 562 1239 Dei,
589 1204 621 1232 et
646 1210 739 1242 quam
767 1199 935 1231 maximam
962 1210 1134 1242 possumus

395 1253 532 1296 gloriam
558 1253 681 1285 nomini
715 1252 784 1285 eius
819 1251 933 1285 all'erre
959 1253 1135 1294 satagimus

393 1307 424 1339 in
450 1306 522 1339 aula
548 1309 657 1339 sancta
683 1306 778 1346 eius,
814 1306 919 1338 eidem
951 1305 982 1338 S.
1020 1306 1134 1338 Domui

394 1360 593 1393 territorium
637 1360 808 1403 proprium
849 1370 884 1392 ac
920 1366 1133 1403 separatum,

394 1420 490 1458 atque
527 1414 567 1446 ab
601 1413 689 1447 omni
724 1413 884 1446 Ordinarii
911 1413 1135 1446 iurisdictione

394 1472 592 1510 exemptum,
612 1473 643 1499 et
661 1466 751 1509 quasi
779 1466 975 1509 episcopale,
992 1466 1022 1498 in
1042 1477 1136 1509 prae-

394 1520 468 1552 fatis
483 1520 571 1553 Pauli
591 1520 695 1563 Papae
714 1520 735 1551 V
753 1520 1016 1562 praedecessoris
1036 1519 1134 1551 nostri

394 1573 511 1605 litteris
536 1573 749 1614 assignatum,
778 1579 889 1605 tenore
916 1573 1136 1615 praesentium

395 1625 622 1659 confirmamus
657 1631 688 1658 et
713 1626 953 1669 approbamus,
984 1626 1137 1668 idemque

396 1679 594 1712 territorium
622 1681 685 1712 una
705 1690 778 1712 cum
804 1679 954 1712 omnibus
973 1680 1137 1722 praefatae

395 1734 428 1766 S.
455 1733 574 1766 Domus
600 1733 757 1766 ministris
776 1739 808 1766 et
833 1733 1037 1771 officialibus,
1055 1733 1138 1766 aliis—

396 1798 458 1831 que
491 1787 641 1830 personis
682 1787 709 1820 ei
747 1787 996 1830 quomodolibet
1030 1787 1135 1820 inter-

395 1840 625 1880 venientibus,
657 1842 707 1874 vel
745 1841 782 1874 ad
818 1852 887 1874 eam
921 1852 958 1873 ex
996 1841 1140 1884 qualibet

396 1894 510 1927 mundi
534 1901 627 1938 parte
649 1895 832 1928 devotionis
855 1895 957 1937 gratia
977 1895 1140 1928 confluen-

396 1948 483 1981 tibus
503 1976 510 1988 ,
536 1947 687 1992 0111501113ί
715 1949 974 1992 quibuscumque
1001 1949 1140 1981 ubilibet

397 2001 633 2043 existentibus,
672 2003 711 2035 ad
747 2002 884 2035 formam
919 2003 1138 2045 praefatarum

396 2055 485 2088 Pauli
501 2056 765 2099 praedecessoris
780 2056 977 2096 litterarum,
995 2056 1033 2088 ab
1052 2056 1138 2090 omni

398 2113 427 2142 et
453 2120 654 2153 quacumque
683 2110 844 2143 Ordinarii
870 2110 1093 2144 iurisdictione
1117 2110 1141 2143 i-

398 2167 503 2194 terum
538 2173 574 2195 ac
610 2163 800 2206 plenissime
838 2168 870 2195 et
907 2163 1036 2206 penitus
1075 2164 1138 2196 exi-

398 2220 524 2248 mentes
551 2216 710 2258 (prael‘ato
736 2217 946 2259 protectoris,
969 2217 1064 2259 quod,
1084 2227 1141 2260 per

399 2267 524 2301 obitum
560 2269 666 2301 bonae
703 2269 880 2302 memoriae
905 2270 1038 2311 Palatii,
1065 2271 1141 2303 dum

398 2321 487 2363 vixit,
522 2322 664 2366 episcopi
701 2323 864 2356 Portuesis
888 2324 918 2357 S.
945 2324 982 2357 R.
1010 2324 1045 2357 E.
1074 2335 1142 2357 car-

400 2373 516 2407 dinalis
547 2376 586 2408 de
617 2376 749 2408 Alteriis
774 2378 966 2419 nuncupati,
992 2378 1030 2410 de
1049 2387 1142 2420 prae-

400 2429 482 2461 senti
508 2434 620 2470 vacat,
647 2429 755 2462 osticio
775 2457 782 2470 ‚
811 2430 988 2473 dignitate,
1024 2432 1139 2472 titulo,

400 2491 437 2514 ac
472 2482 737 2515 denominatione
771 2489 930 2526 perpetuo
964 2485 1142 2527 suppressis

401 2546 438 2568 ae
461 2546 594 2578 prorsus
613 2535 652 2568 de
670 2536 778 2569 medio
799 2536 962 2579 sublatis),
984 2538 1041 2569 sub
1056 2537 1141 2571 beati

400 2589 485 2622 Petri
528 2591 704 2634 nostraque
744 2595 776 2622 et
814 2590 905 2623 Sedis
937 2591 1143 2634 Apostolicae

436 2653 448 2679 1
470 2651 584 2679 Videtur
602 2652 696 2680 deesse
717 2653 798 2681 bonis
820 2653 856 2689 (11.
873 2653 923 2689 1,).

1177 612 1287 652 rium,
1321 612 1494 650 officiales,
1534 612 1724 652 ministros,
1763 611 1914 654 peregri-

1178 665 1389 704 nos‚acbona
1407 665 1582 708 praedicta,
1602 676 1697 708 quam
1717 667 1919 698 saecularem

1177 719 1241 751 sive
1268 719 1417 752 laicalem
1444 719 1474 751 in
1502 718 1787 759 communitatem,
1814 718 1920 752 homi-

1177 782 1234 804 nes
1260 778 1291 804 et
1316 772 1476 805 civitatem
1511 777 1652 805 nostram
1683 772 1918 811 Lauretanam,

1178 826 1311 868 eiusque
1331 825 1519 858 comitatum
1546 830 1643 869 atque
1670 825 1865 866 districtum,
1884 830 1921 858 ut

1177 889 1296 922 supra,
1323 880 1499 922 protectori
1536 890 1595 922 pro
1626 885 1774 922 tempore
1807 878 1838 911 S.
1862 878 1922 911 Do-

1177 943 1245 964 mus
1273 932 1432 973 ciusdem,
1456 934 1521 965 sive
1544 943 1580 964 ex
1603 933 1756 975 praefatis
1773 932 1922 965 Clemen-

1179 986 1216 1017 tis
1237 996 1273 1018 ac
1299 985 1400 1025 Pauli,
1428 986 1494 1018 sive
1521 986 1660 1018 alioruin
1686 996 1922 1029 quorumcum-

1178 1050 1239 1082 que
1267 1039 1486 1072 Romanorum
1511 1039 1702 1072 Pontificum
1729 1040 1921 1082 praedeces-

1178 1102 1288 1124 sorum
1319 1098 1502 1124 nostrorum
1536 1092 1846 1132 constitutionibus,
1874 1091 1923 1124 in-

1178 1146 1286 1186 dultis,
1298 1145 1491 1189 privilegiis
1508 1146 1651 1179 autalias
1662 1145 1920 1189 quomodolibet,

1178 1200 1403 1242 competebat,
1432 1200 1701 1244 quandoquidem
1728 1200 1756 1232 ei
1783 1198 1921 1232 Romani

1178 1253 1351 1285 Pontifices
1378 1264 1438 1296 per
1463 1264 1497 1286 se
1516 1255 1614 1297 ipsos,
1637 1255 1834 1296 apostolicae
1855 1263 1923 1287 ser-

1179 1306 1385 1339 vitutiscuris
1405 1313 1436 1340 et
1453 1307 1597 1341 omnium
1611 1309 1823 1341 ecclesiarum
1839 1307 1924 1340 solli-

1179 1360 1321 1393 citudine
1338 1361 1553 1403 praegravati,
1567 1372 1679 1394 vacare
1697 1371 1759 1394 non
1778 1365 1922 1404 possunt,

1179 1413 1321 1446 exerceri
1348 1414 1379 1445 in
1405 1420 1572 1457 posterum
1599 1414 1768 1447 statuimus
1788 1419 1923 1447 etman·

1180 1466 1292 1498 damus
1306 1477 1365 1509 per
1382 1467 1676 1509 Congregationem
1690 1468 1924 1500 nonnullorum

1181 1520 1415 1553 venerabilium
1432 1521 1566 1553 fratrum
1582 1526 1768 1553 nostrorum
1789 1520 1820 1553 S.
1838 1520 1872 1553 R.
1887 1520 1922 1553 E.

1181 1573 1395 1606 cardinalium
1423 1585 1550 1607 necnon
1573 1575 1765 1607 dilectorum
1784 1573 1923 1607 filiorum

1181 1627 1346 1660 Romanae
1372 1627 1485 1660 Curiae
1510 1629 1748 1670 praelatorum,
1769 1627 1926 1660 Laurela-

1180 1691 1257 1713 nain
1284 1682 1545 1725 nuncupandam,
1573 1692 1667 1724 quam
1687 1682 1726 1714 ad
1744 1682 1832 1713 hune
1849 1680 1926 1713 effe-

1182 1740 1268 1767 ctum
1285 1740 1396 1768 tenore
1418 1735 1638 1778 praesentium
1654 1734 1820 1777 erigimus,
1838 1733 1926 1767 insti-

1182 1788 1302 1820 tuimus
1322 1793 1354 1821 et
1371 1788 1557 1831 specialiter
1576 1788 1782 1832 deputamus.
1799 1787 1927 1821 Eidem-

1182 1851 1243 1884 que
1277 1840 1549 1884 Congregationi‚
1580 1847 1632 1881 ut,
1663 1842 1765 1874 semel
1795 1846 1826 1874 et
1854 1841 1926 1884 plu-

1183 1895 1247 1928 ries
1273 1901 1305 1928 et
1329 1897 1458 1939 quoties
1482 1896 1542 1928 sibi
1576 1895 1739 1929 videbitur
1764 1901 1796 1928 et
1820 1896 1928 1938 place-

1182 1949 1240 1989 bit,
1256 1959 1482 1992 quaecumque
1503 1955 1622 1982 statuta
1647 1954 1677 1982 et
1702 1948 1926 1982 ordinationes

1183 2013 1242 2046 pro
1269 2003 1352 2035 felici
1377 2003 1564 2046 praedictae
1590 2003 1622 2036 S.
1647 2003 1766 2036 Domus
1788 2003 1925 2046 eiusque

1184 2057 1345 2089 bonorum
1372 2067 1408 2089 ac
1436 2067 1652 2099 personarum
1687 2057 1791 2090 eidem
1824 2056 1926 2089 inser-

1183 2110 1339 2144 vientium
1365 2111 1542 2152 regimine,
1569 2110 1668 2143 sacris
1695 2116 1804 2143 tamen
1831 2121 1928 2144 eano-

1183 2164 1278 2197 nibus
1303 2169 1334 2196 et
1350 2163 1484 2197 Concilii
1502 2163 1682 2196 Tridentini
1704 2163 1842 2196 decretis
1859 2173 1926 2196 non

1183 2217 1398 2257 adversantia,
1426 2222 1457 2249 ct
1481 2217 1648 2260 signanter
1680 2217 1787 2260 quoad
1814 2227 1927 2250 nume-

1185 2282 1255 2303 rum
1290 2270 1513 2304 ministrortun
1547 2276 1579 2303 et
1617 2269 1803 2303 officialium
1835 2269 1924 2302 eius-

1184 2324 1256 2357 dem
1275 2323 1304 2357 S.
1330 2324 1449 2357 Domus
1477 2323 1658 2368 privilegiis
1684 2328 1715 2356 et
1747 2322 1927 2366 exemptio-

1184 2378 1279 2411 nibus
1313 2378 1540 2421 gaudentium,
1568 2388 1664 2421 quem
1693 2387 1751 2420 per
1777 2377 1925 2409 camdem

1185 2431 1482 2474 Congregationem
1520 2430 1654 2463 omnino
1692 2429 1860 2463 reformari
1896 2434 1927 2462 et

1184 2486 1224 2518 ad
1250 2486 1339 2518 solos
1365 2484 1570 2518 necessarios
1591 2483 1741 2526 restringi
1767 2484 1926 2525 volumus,

1184 2539 1223 2570 ab
1250 2538 1408 2579 omnibus,
1435 2538 1473 2570 ad
1499 2548 1581 2581 quos
1606 2537 1759 2580 pertinet,
1784 2537 1925 2570 inviola-

1184 2591 1296 2625 biliter
1327 2591 1550 2631 observanda,
1577 2591 1727 2630 condere,
1762 2591 1861 2624 edere
1894 2596 1928 2623 et

1184 2646 1362 2688 publicare,
1382 2645 1499 2688 illaque
1525 2649 1658 2685 mutare,
1677 2645 1830 2686 alterare,
1857 2654 1926 2678 cor-
