2254 3225
211 214 249 238 Α..
283 212 310 237 c.
335 211 401 238 τεθῇ)
446 203 511 237 460

247 1011 276 1031 De
297 1011 394 1032 adeunti-

212 1038 249 1058 bus
284 1038 394 1063 poeniten-

211 1064 297 1084 tiarium
328 1065 393 1085 maio-

212 1096 262 1112 rem.

242 1644 360 1668 Clausulas.

402 261 498 294 trium
521 261 728 295 basilicarum
763 261 857 296 Urbis
889 262 991 306 possit
1015 261 1137 295 admitti

402 325 458 347 seu
482 315 584 358 recipi
609 315 648 348 ad
674 316 823 356 officium,
847 316 907 348 nisi
933 316 1023 359 prius
1043 326 1059 348 a
1074 326 1138 347 ma-

401 367 464 401 iori
503 369 757 411 poenitentiario
793 380 829 403 ac
864 369 1137 403 Poenitentiariae

402 421 658 465 congregatione
676 432 732 455 seu
753 422 921 464 signatura
945 422 1041 455 suerit
1066 432 1139 454 exa-

401 473 542 508 minatus
566 479 606 507 et·
625 475 846 517 approbatus;
882 480 932 515 et,
965 479 1137 518 postquam

403 526 561 560 admissus
587 527 700 567 fuerit,
731 532 874 570 nequeat
898 527 968 560 sine
993 527 1137 560 eiusdem

402 578 533 613 licentia
558 579 723 612 discedere
748 590 803 612 seu
829 579 961 619 dimitti3
987 579 1138 621 idemque

403 637 550 665 servetur
574 632 679 675 quoad
703 632 843 665 minores
874 631 1139 674 poenitentiarios

403 684 616 725 Lauretanos,
651 683 768 727 quibus
794 690 826 717 et
850 684 921 718 aliis
947 684 1140 728 supradietis

403 738 508 771 maior
531 736 803 781 poenitentiarius
827 738 932 781 possit
955 738 1140 772 facultatem

404 792 444 825 ad
468 791 596 824 libitum
622 792 804 824 concedere
823 796 855 824 ct
874 791 1084 834 restringere,
1110 797 1140 824 et

405 855 543 888 quorum
559 854 693 877 examen
711 845 813 887 possit
827 845 859 877 in
877 844 1023 878 absentia
1044 845 1138 878 etiam

405 897 559 940 episcopo
576 896 610 930 in
626 897 772 940 partibus
799 897 860 931 sibi
880 897 1035 931 beneviso
1056 908 1141 930 com-

403 949 546 982 mittere.

448 1002 462 1045 §3
485 1002 539 1035 49.
559 1001 713 1035 Omnibus
734 1002 1013 1044 christifidelibus,
1032 1004 1085 1047 qui
1104 1014 1138 1037 ex

404 1053 506 1086 veteri
531 1059 562 1085 et
585 1053 740 1086 laudabili
761 1054 906 1087 instituto
931 1054 1141 1097 poenitentia·

405 1104 488 1137 rium
511 1105 668 1138 maiorem
694 1116 830 1139 munere
855 1117 912 1139 suo
937 1107 1061 1140 statutis
1080 1107 1142 1140 die-

403 1157 463 1191 bus
488 1158 521 1190 in
545 1158 751 1191 hebdomada
775 1159 889 1192 maiori
914 1159 1052 1193 solemni
1077 1160 1141 1192 ritu

404 1211 594 1254 fungentem
618 1211 671 1254 pie
697 1218 951 1256 reverenterque
977 1213 1140 1254 adierint,

403 1275 543 1308 seseque
579 1265 805 1308 poenitentiali
840 1266 930 1310 virga
966 1267 1143 1309 tangendos

404 1317 631 1358 submiserint,
658 1323 785 1351 centum
816 1319 884 1352 dies
920 1319 959 1352 de
990 1319 1143 1353 iniunctis

405 1371 453 1404 eis
479 1380 537 1403 seu
562 1371 640 1403 alias
661 1371 906 1414 quomodolibet
931 1372 1048 1405 debitis
1065 1383 1144 1415 poe—

404 1423 550 1457 nitentiis
567 1423 600 1456 in
617 1424 720 1457 form-‘⁴1
735 1424 899 1457 Ecclesiae
924 1428 1082 1459 consueta
1098 1436 1143 1458 re·

405 1477 535 1510 laxandi
553 1482 742 1520 perpetuam
763 1477 944 1511 facultatem
958 1478 1062 1511 eidem
1079 1489 1144 1512 ma-

406 1530 468 1564 iori
484 1530 736 1574 poenitentiario
753 1531 990 1573 confirmamus,
1004 1538 1045 1572 et,
1067 1543 1143 1576 qua-

407 1589 502 1618 tenus
528 1595 611 1628 opus
629 1585 679 1625 sit,
694 1585 733 1618 de
758 1595 842 1619 novo
866 1586 1084 1620 concedimus.

451 1637 466 1680 5
490 1635 543 1670 50.
570 1637 786 1671 Decernentes
803 1645 991 1681 praesentes
1009 1640 1143 1679 litteras,

409 1689 505 1723 etiam
523 1701 560 1723 ex
585 1701 623 1723 eo
649 1691 736 1733 quod
754 1691 858 1725 maior
874 1692 1144 1735 poenitentiarius

408 1753 445 1776 ae
473 1743 637 1786 praefatae
661 1743 934 1778 Poenitentiariae
960 1755 1087 1788 regens,
1114 1751 1146 1779 et

409 1795 562 1830 officiales
580 1797 750 1840 praedicti,
773 1808 808 1830 ac
822 1798 877 1831 alii
902 1798 1096 1842 quicumque
1112 1799 1144 1831 in

407 1849 597 1893 praemissis
623 1850 870 1893 quomodolibet
897 1851 1055 1884 interesse
1082 1853 1141 1885 lia-

407 1904 522 1937 bentes
541 1913 598 1937 seu
612 1903 733 1937 habere
748 1905 1008 1947 praetendentes
1024 1905 1145 1939 eisdem

408 1956 595 2000 praemissis
620 1968 687 1990 non
712 1958 945 1999 consenserint,
965 1963 1019 1991 aut
1044 1958 1144 1991 vocati

409 2021 468 2044 seu
491 2011 591 2044 auditi
616 2021 682 2044 non
706 2010 843 2052 fuerint,
870 2012 997 2056 aliaque
1033 2013 1144 2056 quavis

411 2063 450 2096 de
471 2065 565 2096 causa
581 2064 780 2106 quantumvis
797 2064 941 2107 legitima
956 2070 987 2097 et
1000 2065 1145 2105 iuridica,

410 2116 449 2150 de
462 2117 529 2150 ullo
547 2116 768 2160 subreptionis
795 2118 845 2151 vel
871 2117 1071 2161 obreptionis
1089 2129 1145 2151 seu

408 2169 565 2203 nullitatis
595 2169 692 2210 vitio,
719 2175 772 2202 aut
795 2170 985 2203 intentionis
1015 2175 1145 2204 nostrae

407 2224 459 2256 vel
483 2223 547 2256 alio
573 2232 778 2267 quocumque
796 2223 925 2257 defectu
948 2224 1065 2264 notari,
1087 2224 1146 2256 im·
1165 2235 1167 2241 >

407 2275 557 2321 pugnari,
583 2276 746 2319 redargui,
767 2277 944 2317 retraetari,
966 2277 998 2309 in
1024 2277 1071 2310 ius
1095 2277 1145 2310 vel

408 2328 665 2363 controversiam
690 2329 837 2362 revocari
861 2330 1048 2362 nullatenus
1072 2340 1146 2373 pos-

408 2393 453 2424 se,
469 2382 526 2415 sed
551 2391 682 2425 semper
701 2387 734 2414 et
757 2388 914 2426 perpetuo
939 2383 1060 2415 validas
1085 2382 1142 2415 fir-

408 2446 477 2470 mas
493 2439 525 2468 et
543 2435 688 2468 efficaces
704 2434 854 2475 existere,
869 2440 900 2468 et
913 2446 930 2467 a
947 2435 1059 2468 maiori
1073 2446 1146 2479 poe-

408 2488 612 2529 nitentiario,
629 2494 763 2531 regente
788 2494 819 2521 et
844 2488 1035 2521 officialibus
1055 2500 1146 2532 prae-

409 2542 514 2584 dictis,
539 2542 687 2585 aliisque,
713 2542 753 2574 ad
777 2552 858 2585 quos
883 2546 1008 2585 spectat
1032 2547 1064 2575 et
1087 2553 1147 2585 pro

409 2600 559 2644 tempore
583 2594 758 2638 spectabit,
786 2593 1019 2630 inviolabiliter
1043 2594 1147 2630 obser-

983 213 1162 238 BULLARIUM
1188 212 1343 236 ROMANUM

1180 262 1257 302 vari,
1272 261 1385 305 sicque
1403 272 1462 305 per
1479 272 1701 305 quoscumque
1722 262 1846 295 iudices
1866 273 1915 295 or-

1181 315 1325 348 dinarios
1343 321 1374 347 et
1392 316 1573 357 delegatos,
1591 316 1699 358 quavis
1724 315 1914 348 auctoritate

1181 368 1361 409 fungentes,
1386 368 1481 400 etiam
1513 379 1682 401 causarum
1705 369 1817 411 palatii
1843 379 1916 411 apo-

1181 420 1288 453 stolici
1320 420 1498 461 auditores,
1518 421 1593 453 etS.
1613 421 1649 453 R.
1670 421 1704 453 E.
1724 421 1914 461 cardinales,

1181 471 1277 504 ctiam
1304 472 1342 505 de
1368 473 1467 505 latere
1492 473 1636 515 legatos,
1663 474 1790 506 sublata
1814 474 1859 506 eis
1884 478 1916 506 ct

1181 535 1292 557 eorum
1324 524 1459 558 cuilibet
1492 526 1601 568 quavis
1634 525 1728 558 aliter
1752 525 1914 559 iudicandi

1182 582 1212 609 et
1235 577 1468 620 interpretandi
1494 579 1655 619 facultate,
1681 579 1800 622 ubique
1831 579 1916 612 iudi-

1181 630 1246 663 cari
1267 635 1299 663 et
1323 630 1451 664 definiri
1481 632 1616 672 debere,
1640 631 1765 665 irritum
1787 642 1913 675 quoque

1183 688 1215 716 et
1231 684 1327 717 inane
1346 684 1503 728 quidquid
1528 696 1622 719 secus
1649 696 1746 729 super
1766 685 1915 719 omnibus

1183 742 1213 770 et
1237 738 1374 780 singulis
1400 738 1588 780 praemissis
1606 766 1613 779 ‚
1642 739 1691 772 vel
1717 738 1801 772 eirea
1826 749 1873 778 ea,
1899 748 1916 770 a

1182 801 1368 834 quoquam,
1395 792 1506 834 quavis
1531 792 1746 833 auctoritate,
1774 792 1918 826 scienter

1182 845 1233 877 vel
1250 843 1448 886 ignoranter,
1469 845 1644 888 contigerit
1664 844 1829 879 attentari.

1226 898 1240 940 ἓ
1265 897 1317 931 51.
1344 897 1414 931 Non
1440 898 1641 932 obstantibus
1666 897 1864 941 lraemissis,
1885 902 1916 931 et

1182 950 1253 983 aliis
1279 951 1537 994 quibuscumque
1570 950 1855 984 consti;„·.tionib11s
1887 956 1915 984 el

1184 1003 1442 1036 ordinationibus
1459 1004 1653 1046 apostolicis,
1673 1009 1703 1036 et
1719 1004 1823 1037 dictae
1842 1003 1918 1037 Poe-

1182 1055 1399 1095 nitentiariae,
1424 1055 1518 1091 etiam
1542 1056 1732 1097 iuramento,
1752 1057 1918 1089 confirma-

1184 1108 1270 1141 tione
1295 1108 1487 1151 apostolica,
1514 1110 1563 1142 rel
1588 1109 1698 1152 quavis
1724 1109 1785 1142 alia
1820 1108 1918 1142 firmi-

1184 1167 1247 1195 tate
1272 1162 1443 1204 roboratis,
1469 1163 1595 1195 statutis
1621 1169 1653 1195 et
1676 1162 1918 1195 consuetudini—

1183 1214 1242 1247 bus
1266 1214 1541 1258 quibuscumque,
1569 1226 1605 1248 ac
1629 1215 1794 1258 quibusvis
1830 1215 1916 1248 vivae

1183 1267 1270 1300 vocis
1295 1267 1446 1307 oraculis,
1471 1267 1658 1311 privilegiis,
1684 1267 1816 1301 indultis
1835 1273 1866 1301 et
1882 1268 1918 1301 li-

1184 1320 1262 1352 teris
1273 1320 1473 1363 apostolicis,
1487 1320 1633 1354 eiusdem
1646 1321 1916 1354 Poenitentiariae

1183 1372 1301 1412 officio,
1327 1373 1479 1416 illiusque
1503 1375 1617 1407 maiori
1642 1374 1914 1418 poenitentiario,

1162 1466 1163 1469 Ἴ
1184 1437 1219 1459 ac
1244 1426 1433 1459 officialibus
1459 1432 1489 1459 et
1512 1427 1679 1467 ministris,
1705 1432 1736 1460 et
1753 1427 1917 1470 quibusvis

1184 1479 1263 1520 aliis,
1278 1479 1336 1511 sub
1351 1480 1606 1523 quibuscumque
1626 1480 1791 1513 tenoribus
1808 1485 1840 1513 ct
1858 1481 1918 1513 for-

1184 1533 1253 1573 mis,
1279 1544 1315 1566 ac
1336 1544 1408 1566 cum
1435 1534 1599 1577 quibusvis
1624 1534 1720 1567 etiam
1747 1534 1903 1576 derogato

1184 1587 1306 1619 riarum
1332 1577 1569 1629 derogatoriis,
1596 1587 1729 1631 aliisque
1765 1587 1917 1621 efficacio-

1185 1640 1273 1672 ribus
1291 1644 1323 1672 ct
1336 1640 1472 1673 insolitis
1497 1641 1649 1673 clausulis
1667 1645 1699 1673 et
1716 1640 1866 1681 decretis,
1886 1640 1918 1673 in

1186 1703 1308 1736 genere
1332 1694 1382 1726 vel
1407 1693 1440 1725 in
1464 1694 1590 1736 specie,
1617 1692 1713 1726 ctiam
1738 1700 1824 1727 motu
1843 1705 1919 1737 pro-

1186 1747 1270 1790 prio,
1294 1751 1326 1779 et
1351 1746 1427 1779 alias
1454 1747 1700 1789 quomodolibet
1713 1758 1772 1790 per
1788 1747 1919 1791 praede-

1186 1810 1329 1832 cessores
1351 1805 1480 1832 nostros
1505 1799 1667 1833 Romanos
1685 1799 1859 1833 Pontifices
1883 1811 1918 1833 ac

1187 1852 1282 1885 etiam
1299 1862 1358 1884 nos
1375 1851 1549 1893 concessis,
1566 1852 1731 1893 innovatis,
1752 1853 1920 1886 confirma-

1187 1905 1227 1937 tis
1246 1910 1278 1938 et
1291 1904 1494 1948 approbatis3
1513 1904 1627 1948 quibus
1647 1905 1796 1939 omnibus
1815 1905 1921 1939 etsin-

1187 1957 1283 2000 gulis,
1297 1957 1422 1990 etiamsi
1447 1967 1506 2000 pro
1524 1957 1652 1991 illorum
1671 1959 1843 1992 sufficienti
1867 1960 1920 1994 de—

1188 2011 1354 2053 rogatione
1382 2010 1420 2043 de
1447 2010 1508 2043 illis
1535 2021 1710 2054 eorumque
1733 2011 1807 2044 lotis
1831 2017 1921 2045 teno-

1188 2064 1275 2096 ribus
1304 2063 1474 2106 specialis,
1504 2064 1669 2106 specifica,
1698 2063 1860 2097 individua
1889 2069 1920 2097 et

1187 2127 1348 2159 expressa,
1375 2127 1412 2149 ae
1437 2116 1475 2148 de
1502 2116 1599 2149 verbo
1626 2117 1827 2157 adverbum,
1853 2127 1919 2150 non

1188 2175 1292 2203 autem
1314 2180 1372 2213 per
1392 2169 1552 2202 clausulas
1570 2171 1740 2212 generales
1758 2171 1844 2203 idem
1867 2171 1920 2203 im-

1186 2228 1366 2267 portantes,
1392 2224 1513 2256 mentio
1539 2234 1592 2256 seu
1619 2224 1750 2267 quaevis
1782 2224 1843 2257 alia
1868 2235 1920 2257 ex-

1187 2277 1310 2320 pressio
1335 2277 1486 2310 habenda
1511 2282 1565 2310 aut
1590 2277 1696 2320 aliqua
1722 2277 1784 2310 alia
1808 2278 1920 2321 exqui-

1188 2330 1247 2363 sita
1264 2330 1367 2362 forma
1383 2330 1423 2362 ad
1440 2330 1502 2362 hoc
1515 2330 1669 2363 servanda
1683 2330 1773 2370 foret,
1789 2335 1919 2363 tenores

1189 2382 1385 2423 huiusmodi,
1412 2392 1448 2415 ac
1472 2381 1499 2415 si
1524 2382 1563 2414 de
1588 2381 1688 2414 verbo
1713 2382 1751 2414 ad
1776 2382 1920 2423 verbum,

1189 2436 1270 2469 nihil
1295 2436 1425 2479 penitus
1450 2434 1590 2476 omisso,
1619 2439 1650 2467 et
1672 2435 1776 2467 forma
1799 2435 1832 2467 in
1857 2435 1921 2468 illis

1189 2489 1306 2522 tradita
1334 2489 1501 2522 observata
1526 2487 1779 2529 insererentur¹,
1806 2488 1920 2522 iisdem

1189 2542 1413 2586 praesentibus
1448 2552 1507 2584 pro
1538 2542 1632 2584 plene
1667 2546 1698 2573 ct
1722 2541 1922 2575 sufficienter

1225 2606 1235 2630 1
1259 2604 1374 2632 Verbum
1397 2604 1592 2633 insererenlw*
1612 2612 1661 2632 uos
1676 2603 1800 2632 addimus
1819 2607 1854 2641 tn.
1870 2605 1920 2640 T.)-

1902 2648 1931 2658 ‚a

1923 214 1972 240 An.
1995 214 2022 241 C.
2038 215 2106 242 1602

1953 909 2108 930 Contrariorum

1927 935 2043 961 derogatio-
