2227 3225
111 214 161 241 An.
178 211 206 241 C.
229 213 291 240 1691

879 209 1087 233 INNOCFNTH'S
1114 210 1155 232 ΧΗ
1183 210 1228 232 1Ῥ.

1721 201 1783 234 9.ῖῇ

302 261 535 300 Tridentimim‚
555 260 659 303 ipsum
680 258 811 292 omniuo
834 259 1013 302 reprobent
1032 270 1038 297 ;
1062 261 1067 292 l
1086 268 1124 289 ne
1143 257 1202 289 sibi
1222 257 1396 289 revelatum
1418 257 1523 295 fucrit,
1549 258 1587 290 ab
1607 259 1692 290 ouini
1713 260 1821 291 statim

304 315 329 347 si
355 319 462 347 autem
484 313 626 345 liabilem
647 311 836 350 invenerint,
857 311 938 344 iusto
960 311 1042 343 iudi-

305 368 355 400 cio
379 366 567 409 suscipiant.
595 365 693 404 Quam
730 370 899 407 utramque
926 374 1043 396 censu-

305 430 372 453 ram
387 429 451 453 non
466 418 525 452 soli
545 419 688 462 praelato
702 417 859 455 deferant,
876 417 930 449 sed
947 417 1041 449 etiam

305 473 447 516 capitulo
473 477 648 505 conventus
680 470 837 503 veraciter
861 476 1041 513 exponaut;

306 525 459 570 quocirca
477 535 588 557 eorum
606 517 822 557 conscientias
840 523 1043 555 strictissime

307 588 492 612 oneramus.
531 576 610 611 Cum
646 576 835 621 proceribus
870 581 976 609 autem
1014 582 1043 609 ct

307 632 386 664 viris
401 630 652 674 pei-illustribus,
670 634 723 662 aut
740 639 875 672 magnae
896 629 1043 662 fortunae

308 684 401 718 bonis
417 694 473 717 seu
492 688 559 716 arte
577 683 684 726 aliqua
698 681 817 725 insigni
833 681 1043 725 pollentibus,

307 737 395 770 unde
423 735 629 770 commodum
660 735 773 778 ingens
798 733 948 776 religioni
974 743 1046 776 pro-

309 790 428 827 veniat.
442 793 598 833 poterunt
614 788 803 831 dispensare
822 787 975 829 magister
992 793 1042 819 aut
1066 778 1067 799 ³

308 842 516 887 provincialis
540 841 572 874 in
590 841 731 884 scriptis,
749 846 781 873 et
799 850 863 873 non
885 840 986 879 aliter,
1007 840 1045 872 ‹le

309 896 419 929 exacta
443 894 670 937 grammaticae
691 892 892 933 sufficientia,
912 893 989 926 itaut
1007 893 1047 926 sit

309 948 386 981 satis
410 958 474 981 non
501 947 635 981 dubium
661 947 825 990 specimen
855 945 1044 990 proficiendi

310 1007 457 1044 tempore
485 1000 572 1044 quod
595 999 738 1043 supersit
761 999 800 1032 ad
826 1010 933 1032 sacros
960 1000 1047 1032 ordi-
1067 1015 1069 1027 ι

308 1064 367 1088 nes
393 1053 630 1097 suscipiendos.

353 1116 409 1140 νη.
434 1106 583 1138 Admissa
608 1105 706 1148 igitur
724 1115 741 1138 a
760 1110 919 1138 conventu
938 1105 1048 1137 liuius-

310 1159 400 1192 modi
425 1158 663 1202 approbatione
697 1158 964 1195 examinatorum,
991 1158 1049 1190 cli-

311 1217 406 1254 gatar
431 1211 469 1244 ab
507 1211 623 1244 eodem
658 1220 717 1253 per
750 1209 901 1253 siuti-agia
925 1216 1049 1243 secreta

310 1274 394 1297 unus
420 1264 518 1297 frater
542 1264 678 1297 idoneus
704 1263 878 1306 prudentia
899 1269 930 1295 et
947 1262 1049 1295 fideli-

313 1322 376 1350 tate
401 1317 679 1355 commendabilis,
706 1316 758 1358 qui
777 1317 835 1348 sub
854 1316 984 1349 nomine
1002 1316 1049 1348 in-

311 1369 479 1402 formantis
499 1368 653 1411 procedat
668 1368 706 1401 ad
725 1368 990 1400 informationem
1010 1369 1048 1401 de

311 1421 456 1455 moribus
481 1426 513 1454 et
530 1421 602 1460 vita,
624 1426 656 1453 et
680 1421 830 1454 omnibus
849 1421 919 1453 aliis
938 1421 1050 1454 condi-

314 1473 468 1514 tionibus,
494 1484 571 1517 quas
596 1473 684 1506 iuxta
709 1474 838 1507 decreta
858 1473 1048 1507 Pontificum

312 1533 344 1561 et
366 1527 614 1561 constitutiones
646 1532 771 1560 nostras
803 1527 925 1560 habere
954 1527 1051 1560 debet

313 1581 510 1624 quicumque
527 1580 653 1614 accedit
670 1581 708 1613 ad
722 1579 889 1620 Ordinem,
906 1591 967 1624 pro
985 1591 1049 1624 quo

312 1643 446 1666 munere
471 1632 611 1666 fideliter
635 1632 797 1671 obeundo,
823 1638 953 1675 praeter
973 1644 1049 1676 poe-

312 1696 370 1719 nas
403 1686 604 1729 gravissimas
629 1686 745 1729 quibus
777 1686 862 1718 infra
893 1686 1050 1719 constrin-

312 1739 410 1782 gitur,
426 1739 534 1772 iurare
551 1740 687 1772 ulterius
705 1740 852 1772 volumus
873 1740 1049 1782 praefatum

314 1791 546 1824 informantem
573 1791 606 1824 in
631 1792 779 1824 manibus
804 1792 941 1835 praelati
967 1802 1000 1825 se
1019 1793 1049 1825 id

312 1850 518 1888 peracturum
531 1845 711 1878 secundum
724 1844 823 1878 Deum
838 1850 870 1878 et
883 1846 1049 1889 propriam

313 1897 558 1930 conscientiam.

357 1959 426 1984 vul.
453 1950 534 1983 Huic
558 1960 646 1994 ergo,
673 1950 719 1984 sic
744 1951 812 1985 iure
839 1957 870 1984 et
895 1951 1050 1985 fidelitate

313 2003 449 2044 munito,
475 2005 639 2047 praelatus
673 2015 745 2037 cum
769 2010 930 2037 conventu
956 2016 1050 2048 prae.-

312 2055 389 2090 beat
412 2056 674 2090 commissionem
699 2068 770 2090 cum
796 2058 1049 2100 interrogatorio

314 2120 332 2143 a
355 2119 388 2143 se
413 2114 446 2143 et
469 2109 594 2143 duobus
620 2115 650 2143 et
668 2110 740 2143 aliis
759 2111 798 2144 de
816 2111 960 2154 capitulo
978 2112 1051 2143 sub-

313 2162 468 2206 scriptam
493 2167 526 2196 et
548 2163 671 2206 pariter
695 2163 871 2206 signatam,
896 2175 932 2197 ac
963 2164 1049 2198 omni

313 2215 392 2248 iuris
405 2215 599 2249 auctoritate
615 2216 744 2259 publice
765 2216 961 2250 roboratam.
981 2217 1050 2259 lpse

312 2278 390 2302 vero
414 2268 595 2302 informans
619 2279 683 2302 non
708 2269 815 2302 statim
835 2271 994 2313 procedat
1011 2270 1049 2302 ad

313 2320 555 2365 inquisitionem
569 2321 746 2366 publicam;
761 2322 827 2363 sed,
843 2323 959 2355 honori
974 2333 1051 2355 con-

314 2374 424 2407 sulens
438 2383 475 2406 ac
489 2373 598 2407 decori
612 2379 781 2417 parentum
802 2379 834 2407 et
858 2375 1050 2417 consangui—

313 2436 461 2468 neorum,
480 2427 569 2470 prius
587 2438 660 2460 cum
681 2427 872 2461 discretione
897 2439 933 2460 ac
954 2429 1050 2461 silen-

314 2479 359 2512 tio
396 2486 512 2513 cuneta
534 2480 768 2524 interroganda
803 2486 990 2521 serventur,
1018 2482 1049 2513 in

314 2531 444 2575 quibus,
466 2532 491 2566 si
517 2532 650 2577 aliquod
674 2534 942 2577 impedimentum
967 2534 1051 2567 suffi-

314 2584 413 2619 cienti
430 2590 462 2619 et
478 2585 626 2620 timorata
642 2597 856 2622 personarum
873 2588 1050 2622 attestatio-

1086 310 1296 353 inquisitionc
1316 310 1457 342 recedat.
1478 309 1531 342 Sin
1554 315 1657 342 autem
1678 310 1758 343 nibil
1778 311 1823 342 in-

1086 363 1211 396 venerit
1228 363 1407 406 receptioni
1426 363 1621 395 contrarium
1636 390 1643 401 ‚
1663 363 1822 406 publicam

1086 415 1348 448 informationem
1368 416 1575 457 aggrediatur
1591 420 1663 448 autc
1683 416 1731 448 vel
1754 422 1825 458 post

1088 469 1189 512 ipsam
1228 469 1450 512 receptionem
1488 469 1575 501 iuxta
1604 469 1823 501 diversitatem

1087 532 1321 565 personarum,
1353 528 1387 555 ut
1417 523 1522 555 statim
1555 523 1690 555 dicetur.
1724 521 1823 560 Quam

1087 575 1149 608 rite
1176 581 1206 609 ct
1231 575 1357 615 debite,
1384 576 1496 618 quovis
1523 580 1668 618 tempore
1696 575 1823 611 factam.

1088 640 1122 661 ac
1139 629 1267 662 demum
1286 630 1427 662 clausam
1447 633 1478 660 et
1496 627 1661 669 signatam,
1677 629 1825 671 praelato

1089 682 1221 721 tribuat,
1241 687 1271 714 et
1289 681 1371 724 ipse,
1388 685 1587 723 congregato
1606 680 1757 722 capitulo,
1777 691 1821 713 re-

1089 734 1189 766 serari
1215 738 1246 766 ct
1271 733 1333 775 legi
1361 733 1466 773 faciat,
1490 739 1525 765 ut
1551 732 1589 764 de
1616 732 1670 765 itta
1695 742 1827 765 censea-

1090 793 1140 819 tur
1165 797 1203 819 an
1230 786 1271 818 sit
1306 786 1392 819 bene
1418 787 1466 818 vel
1494 785 1575 818 male
1607 785 1765 825 confecta,
1794 791 1826 818 et

1090 839 1241 872 habilitas
1260 838 1456 882 postulantis
1473 839 1510 871 ad
1532 839 1711 881 ingressum
1726 848 1827 881 agno-

1089 897 1208 925 scatur.

1134 955 1174 978 ιΧ.
1203 944 1245 978 De
1260 944 1437 978 maioribus
1456 944 1617 977 sexdecim
1635 943 1728 976 annis
1746 953 1827 976 seni-

1091 1009 1149 1042 pcr
1174 998 1225 1031 liat
1253 997 1437 1031 informatio
1462 997 1649 1030 authentica
1679 1002 1753 1030 ante
1778 1007 1828 1029 rc-

1090 1052 1284 1094 ceptionem,
1311 1051 1371 1083 nisi
1398 1050 1578 1094 periculum
1604 1050 1645 1082 sit
1670 1050 1699 1082 in
1719 1052 1825 1089 mora;

1090 1104 1121 1136 in
1148 1114 1211 1147 quo
1232 1113 1314 1143 casu,
1334 1103 1419 1135 iuxta
1443 1103 1618 1146 specialem
1645 1102 1828 1145 dispositio-

1090 1166 1162 1189 nem
1188 1161 1243 1189 aut
1267 1155 1523 1189 moderationem
1549 1165 1648 1198 super
1673 1156 1735 1188 boc
1759 1155 1828 1188 Cle-

1091 1210 1206 1242 mentis
1231 1209 1306 1249 Vlll,
1331 1209 1482 1242 sufficere
1496 1210 1642 1242 volumus
1664 1209 1827 1252 praevium

1091 1262 1304 1294 iuramentum
1329 1261 1583 1295 commendatori
1604 1262 1793 1305 praestitum
1811 1272 1829 1294 a

1092 1314 1296 1357 postulante,
1329 1315 1414 1358 quod
1449 1315 1546 1347 nullis
1583 1314 1826 1357 impedimentis

1092 1378 1127 1400 ex
1154 1379 1191 1401 eo
1216 1368 1423 1411 singulariter
1448 1368 1655 1410 interrogatis
1681 1368 1721 1400 sit
1741 1368 1830 1400 inba-

1092 1422 1164 1455 bilis
1182 1423 1219 1455 ad
1239 1428 1385 1455 nostrum
1399 1422 1554 1455 Ordinem
1567 1421 1827 1464 ingrediendum.

1091 1475 1188 1507 modo
1224 1480 1298 1508 ante
1331 1474 1571 1518 professionem
1603 1474 1657 1506 fiat
1682 1474 1828 1517 plenaria

1092 1528 1276 1561 informatio
1298 1529 1336 1561 dc
1362 1528 1441 1561 illis.

1135 1593 1165 1615 x.
1193 1580 1283 1619 Quod
1308 1581 1418 1624 utique
1440 1581 1667 1619 iuramentum,
1685 1580 1829 1623 quando-

1092 1644 1229 1677 cumque
1250 1633 1318 1667 fiet-i
1337 1634 1511 1676 contingat,
1530 1643 1661 1676 semper
1678 1633 1828 1665 adnotari

1091 1686 1310 1730 praecipimus
1335 1687 1367 1719 in
1393 1687 1475 1719 libro
1500 1686 1723 1729 receptionum
1753 1696 1828 1718 con-

1092 1745 1216 1779 ventus,
1230 1745 1260 1773 et
1286 1751 1303 1773 a
1327 1740 1590 1773 commendatore
1608 1739 1777 1777 subscribi,
1798 1744 1830 1770 et

1092 1793 1214 1836 pariter
1242 1804 1257 1826 a
1290 1793 1416 1826 iurante
1446 1803 1518 1826 cum
1541 1792 1667 1826 duobus
1692 1792 1828 1826 testibus

1093 1857 1152 1890 per
1177 1847 1268 1880 illum
1294 1847 1325 1879 in
1351 1849 1409 1880 sua
1443 1846 1685 1890 subscriptione
1716 1846 1827 1879 relatis

1093 1905 1124 1932 et
1147 1899 1401 1932 subscribendis.
1428 1898 1519 1933 Circa
1551 1900 1691 1932 minores
1720 1904 1826 1932 autem

1093 1953 1257 1986 sexdecim
1282 1953 1386 1993 annis,
1401 1953 1476 1986 licet
1500 1953 1540 1985 sit
1564 1953 1681 1986 melius
1698 1963 1829 1996 semper

1094 2007 1132 2039 de
1149 2006 1213 2039 illis
1231 2011 1304 2039 ante
1322 2006 1543 2049 receptionem
1562 2005 1743 2048 inquirere,
1761 2008 1827 2040 nul-

1093 2060 1155 2092 lam
1176 2064 1280 2092 tamen
1297 2059 1445 2102 praecise
1465 2058 1726 2092 informationem
1739 2070 1827 2102 prae-

1093 2112 1174 2144 viam
1192 2117 1224 2144 et
1247 2111 1417 2144 iuridicam
1444 2116 1497 2143 aut
1520 2111 1734 2144 iuramentum
1763 2111 1827 2145 cxi-

1093 2165 1204 2207 ginum,
1224 2164 1285 2197 nisi
1314 2163 1562 2206 inquisitionem
1582 2169 1753 2197 secretam.
1772 2164 1828 2197 Ce-

1095 2224 1195 2251 terum
1232 2218 1433 2261 probationis
1464 2223 1609 2260 tempore
1644 2218 1731 2251 illam
1756 2218 1826 2251 lieri

1093 2271 1321 2309 authenticam,
1338 2276 1368 2303 et
1381 2270 1616 2313 professionem
1634 2271 1826 2303 antecedere

1093 2322 1326 2366 praecipimus.
1353 2322 1527 2361 Qualitates
1563 2327 1669 2356 autem
1696 2324 1744 2356 vel
1768 2323 1827 2355 im-

1094 2377 1299 2419 pedimenta,
1326 2387 1407 2419 quae
1439 2377 1525 2409 iuxta
1555 2376 1663 2409 omnia
1693 2376 1764 2409 iura
1795 2381 1826 2408 et

1092 2430 1269 2472 respective
1294 2439 1352 2472 pro
1378 2429 1514 2472 singulis
1533 2429 1728 2472 recipiendis
1752 2440 1826 2472 pro-

1093 2483 1266 2515 fessurisve
1285 2482 1496 2515 examinanda
1515 2487 1591 2514 sunt
1604 2482 1642 2514 ab
1658 2481 1826 2514 informan-

1093 2540 1135 2575 te,
1162 2536 1205 2568 ita
1230 2535 1263 2568 in
1288 2535 1499 2578 sequentibus
1525 2535 1724 2567 ordinamus.

1134 2598 1178 2622 xt.
1205 2588 1311 2622 Primo
1338 2588 1424 2621 enim
1449 2587 1591 2632 inquirat
1615 2587 1653 2620 de
1684 2585 1826 2620 moribus

1830 210 1876 236 lu,
1896 210 1923 236 (ἶ.
1950 212 2010 237 t'mt
