2254 3225
234 275 282 321 Ain
303 292 332 319 c,
356 276 424 319 ¹700
470 285 533 317 944

234 1155 291 1175 ttae<-
302 1155 409 1175 alternati-

226 1187 250 1201 ia
265 1183 360 1202 stabilita
372 1182 407 1202 suil

225 1214 245 1227 in
257 1210 350 1234 capitulo
363 1214 408 1234 pro-

226 1235 310 1255 mactati
344 1241 409 1256 nncxc

224 1262 280 1281 elren
290 1262 412 1282 electionem

224 1290 358 1313 proxincialis
389 1291 410 1309 et

235 1315 400 1336 celebrationem

224 1342 320 1367 capituli.

470 343 583 382 Datum
608 343 739 383 Romae,
758 345 843 387 apud
869 345 900 377 S.
924 345 1052 378 Mariam
1071 346 1167 380 Maio-

426 407 504 436 rem,
526 397 584 429 sub
610 398 729 430 annulo
749 397 930 439 Piscatoris,
949 399 1000 432 die
1019 409 1066 432 XX!
1085 399 1164 432 iunii

424 459 522 490 nnec,
544 450 752 493 pontificatus
771 451 875 484 nostri
894 462 978 485 anno
997 463 1041 486 ix.

462 512 518 538 Dat.
544 511 586 538 die
608 512 637 540 21
663 512 728 539 iunii
755 512 830 545 1700,
855 513 952 547 pontif.
977 522 1048 540 anno
1065 520 1100 540 tx.

715 652 867 686 CXCVIII.

423 724 644 766 Confirmatio*
660 723 821 757 decretum
843 724 1026 758 cardinalis
1057 730 1163 769 prole-

465 778 561 810 ctoris
592 788 650 820 pro
686 777 886 811 alternatim
926 778 962 811 in
992 779 1163 823 provinc-[ci

465 830 496 864 S.
541 830 677 863 Iottnnis
716 831 932 875 evangelistae
974 832 1161 865 z'nsularzmz

464 884 604 916 Azorum
628 883 686 916 sub
706 895 805 927 reque
823 885 1052 928 P07·ltcycrllictc
1071 884 1163 919 Ordi-

466 936 519 970 nis
543 937 706 970 Minorwn
733 937 770 970 cle
796 937 1006 971 observantia·
1029 938 1048 972 ¹.

598 1018 797 1045 Innocentius
819 1019 899 1052 Papa
918 1019 983 1050 XII,

562 1063 599 1091 ad
618 1063 752 1091 futuram
772 1063 817 1090 rei
837 1064 1018 1091 memoriam.

464 1133 478 1176 g
504 1133 535 1166 1.
558 1132 677 1176 Nuper,
694 1143 754 1176 pro
772 1138 866 1177 parte
892 1133 1002 1166 dilecti
1021 1132 1077 1168 filii
1101 1134 1162 1167 An-

422 1187 501 1220 tonii
524 1187 562 1220 de
582 1187 690 1227 Pillar,
712 1188 819 1221 fratris
846 1198 998 1232 expresse
1025 1189 1160 1232 professi

420 1241 547 1275 Ordinis
574 1241 730 1274 Minorum
749 1242 780 1275 S.
800 1242 960 1275 Francisci
988 1243 1026 1276 de
1045 1241 1161 1276 Obser-

420 1296 524 1329 vantia
557 1301 838 1340 nuncupatorum,
874 1307 911 1329 ac
946 1297 1159 1330 connnis<arii

420 1357 452 1385 et
474 1352 699 1395 procuratoris
724 1352 963 1395 provinciarum
978 1352 1008 1385 Sr
1030 1353 1159 1385 Ioannis

419 1405 638 1448 evangelistae
664 1405 841 1439 insularum
869 1407 1003 1439 Azorum
1030 1407 1088 1439 sub
1114 1417 1161 1439 re-

419 1470 482 1503 gno
504 1460 721 1503 Pol-tugalliae
748 1460 894 1492 eiusdem
920 1460 1058 1501 Ordinis,
1078 1461 1159 1493 Con-

418 1515 598 1558 gregationi
624 1515 857 1548 venerabilium
879 1516 1011 1548 fratrum
1034 1521 1159 1548 nostro-

419 1580 489 1601 rum
515 1569 547 1603 S.
578 1570 615 1602 R.
642 1569 675 1602 E.
705 1570 916 1603 cardinalium
950 1571 1090 1614 negotiis
1128 1576 1159 1604 et

418 1624 712 1658 consultationibus
738 1625 964 1669 episcoporum
999 1630 1031 1658 et
1063 1636 1159 1668 regu-

418 1678 534 1712 larium
558 1678 766 1722 praepositae
802 1679 970 1722 exposito,
1005 1680 1094 1722 quod
1126 1679 1158 1711 in

417 1731 559 1775 capitulo
594 1731 789 1775 provinciali
817 1732 920 1765 dictae
954 1731 1157 1775 provinciae,

417 1795 502 1818 anno
520 1794 627 1819 nncxc
649 1785 824 1825 celebrato,
846 1796 904 1829 pro
927 1785 1037 1829 quiete
1056 1785 1158 1828 ipsius

416 1838 601 1883 provinciae
623 1839 789 1871 decretum
809 1844 839 1871 et
857 1839 1037 1872 stabilitum
1058 1839 1159 1871 suerat

416 1890 641 1923 alternativam
660 1889 853 1923 electionem
871 1890 1007 1922 ministri
1030 1891 1159 1934 provin-

416 1945 505 1978 cialis
530 1944 675 1977 eiusdem
701 1944 885 1987 provinciae
904 1943 961 1985 (ita
979 1944 1104 1978 scilicet
1124 1950 1158 1977 ut

414 2008 475 2042 pro
501 2008 577 2039 uno,
604 2008 640 2030 ex
667 1997 821 2030 fratribus
847 1998 1025 2030 insularum
1051 1998 1082 2031 S.
1103 1998 1157 2031 Mt-

414 2051 538 2085 cliaelis
563 2056 595 2084 et
630 2051 661 2084 S.
690 2051 827 2091 Mariae,
859 2061 919 2095 pro
952 2052 1055 2085 altero
1082 2062 1155 2085 vero

416 2105 583 2146 triennio,
625 2115 661 2137 ex
699 2105 850 2137 fratribus
886 2105 1035 2137 Terzeras
1074 2116 1155 2138 non-

414 2159 539 2203 cupatis
576 2159 776 2203 aliarumque
809 2159 1026 2192 adiacentium
1058 2159 1151 2191 insu-

414 2213 515 2245 larum
548 2212 734 2256 provinciae
770 2213 953 2246 huiusmodi
987 2224 1154 2246 assumen-

414 2266 472 2299 dus
493 2265 580 2308 est⁹)
606 2266 772 2299 observari
799 2267 943 2305 debere;
971 2267 1152 2300 successive

414 2320 509 2353 etiam
538 2319 716 2352 stabilitum
740 2321 853 2359 suerat,
874 2321 1054 2364 capitulum
1078 2331 1154 2365 pro-

414 2373 550 2407 vinciale
584 2373 730 2406 eiusdem
767 2374 955 2416 provinciae
987 2376 1086 2408 semel
1120 2375 1152 2408 in

449 2482 457 2506 1
474 2481 501 2508 In
513 2485 598 2507 const.
613 2481 656 2508 ed.
670 2487 815 2515 nncxcxiu,
831 2482 925 2516 [tontis.
936 2489 982 2515 vu,
996 2483 1154 2511 confirmata

411 2526 461 2553 suit
479 2526 639 2553 alternatim
659 2535 706 2561 pro
728 2526 865 2561 provincia
885 2527 1062 2561 Cantabriae3
1085 2532 1111 2555 et
1125 2529 1153 2555 in

412 2571 561 2598 lnnocentii
583 2571 638 2597 Xlll
655 2574 740 2598 const.
759 2571 801 2598 ed.
819 2578 950 2606 nocem,
968 2572 1010 2599 die
1030 2575 1060 2600 16
1075 2573 1151 2608 iunii,

412 2615 500 2650 pontif
525 2622 553 2650 t,
583 2616 673 2650 agitur
702 2616 734 2643 de
763 2616 922 2644 alternative.
956 2616 984 2644 in
1017 2618 1153 2652 provincia

412 2658 566 2686 Lusitaniae
586 2660 815 2688 Reformatorum.

447 2705 462 2733 2
482 2705 579 2740 Aptius
599 2705 656 2741 lege
677 2707 745 2733 esset
766 2706 802 2742 (a.
818 2707 866 2742 T.).

1009 298 1185 321 lirLLAnlt'it
1213 299 1318 322 1:0³1th
1327 284 1366 323 [xil

1209 346 1239 379 S.
1268 346 1433 380 Michaelis
1460 352 1490 380 et
1514 346 1544 381 S.
1568 347 1704 389 Mariae,
1730 353 1759 381 et
1785 350 1885 382 semel
1914 349 1946 382 in

1212 400 1362 433 Terzeras·
1387 402 1501 435 insulis
1523 402 1698 446 praedictis
1717 402 1947 436 celebrandum

1208 464 1304 495 essc;
1332 455 1387 487 sed
1414 466 1504 495 eum,
1530 461 1603 499 post
1629 456 1721 488 unius
1747 456 1876 489 triennii
1903 457 1948 490 la-

1208 517 1308 549 psum,
1328 507 1549 540 delinitorium
1576 509 1762 551 provinciae
1782 509 1946 553 praefatae

1207 565 1440 602 congregatum
1466 561 1590 602 suisset,
1612 561 1644 594 in
1666 572 1703 595 eo
1724 567 1875 596 statutum
1894 573 1946 596 ex-

1209 612 1317 645 titerat
1343 618 1376 645 ut
1401 619 1580 647 memorata
1605 615 1806 655 alternativa,
1838 617 1945 660 quoad

1206 665 1461 700 celebrationem
1487 667 1619 711 capituli
1645 668 1854 711 provincialis
1889 670 1947 702 hu-

1205 719 1373 760 iusmodi,
1411 720 1582 754 visitatoris
1619 721 1722 754 dictae
1758 722 1946 765 provinciae

1206 778 1236 806 et
1261 773 1362 816 ipsius
1388 773 1568 807 definitoris
1589 774 1723 807 arbitrio
1746 775 1947 819 reliqueren-

1206 831 1274 859 tur:
1303 832 1333 859 ct
1360 827 1390 859 in
1410 827 1521 860 eadem
1540 827 1743 871 expositione
1765 828 1945 869 subiuncto,

1205 879 1291 924 quod
1307 880 1391 923 (cum
1408 880 1569 924 posterius
1584 886 1738 914 statutum
1758 881 1946 915 huiusmodi

1204 933 1243 966 ad
1270 933 1460 966 turbandam
1488 934 1669 977 religiosam
1695 935 1799 968 dictae
1819 935 1946 979 provin-

1204 986 1271 1020 ciae
1289 987 1556 1030 tranquillitatem
1574 988 1775 1028 tencleret,et
1791 999 1851 1032 per
1865 989 1944 1022 illud

1205 1050 1264 1079 ea,
1292 1050 1375 1083 quae
1401 1040 1431 1072 in
1467 1040 1653 1084 supradicto
1692 1040 1838 1085 capitulo
1873 1052 1945 1085 pro-

1205 1092 1357 1133 vinciali,
1398 1093 1482 1126 sicut
1525 1094 1746 1137 praemittitur
1770 1122 1777 1135 ‚
1816 1095 1945 1128 decreta

1205 1152 1236 1180 et
1258 1146 1400 1180 stabilita
1426 1147 1552 1180 fueraut
1568 1174 1575 1188 ,
1600 1152 1890 1181 contemnerentur
1913 1153 1946 1181 et

1205 1205 1442 1241 everterentur3
1470 1200 1612 1244 ideoque
1638 1201 1706 1245 ipse
1733 1202 1892 1234 Antonius
1914 1207 1945 1235 et

1204 1254 1340 1287 dilectus
1366 1255 1489 1298 pariter
1515 1254 1598 1287 tilius
1635 1254 1782 1288 minister
1814 1255 1944 1299 provin-

1204 1307 1293 1340 cialis
1320 1307 1465 1341 ciusdem
1490 1308 1690 1352 provinciae,
1716 1309 1942 1353 praevidentes

1204 1373 1318 1405 graves
1356 1368 1386 1394 et
1426 1362 1631 1395 inevitabiles
1677 1363 1943 1406 perturbationes

1202 1416 1391 1448 suborturas
1418 1415 1484 1448 sore
1510 1415 1534 1447 si
1561 1421 1751 1458 prenarrata
1783 1416 1858 1449 dicti
1892 1427 1944 1450 ea-

1202 1469 1294 1513 pituli
1312 1469 1520 1512 provincialis
1536 1470 1666 1502 decreta
1679 1475 1709 1502 et
1723 1469 1944 1504 stabilimenta

1202 1533 1265 1555 non
1307 1523 1561 1555 observarentur
1584 1551 1590 1563 ‚
1632 1524 1810 1557 venerabili
1851 1524 1941 1557 fratri

1202 1576 1470 1619 :llicliaeliangelo
1499 1576 1751 1620 archiepiscopo
1777 1577 1940 1618 Tarsensi,

1202 1630 1233 1663 in
1260 1629 1476 1673 Portugalliae
1504 1635 1536 1663 et
1568 1630 1798 1673 Algarbiorum
1832 1631 1940 1674 regnis

1202 1689 1311 1716 nostro
1335 1688 1367 1716 et
1384 1683 1584 1726 apostolicae
1601 1682 1693 1716 Sedis
1715 1683 1845 1724 nuncio,
1864 1694 1941 1727 sup-

1201 1736 1415 1780 plicavissent
1448 1740 1483 1768 ut
1507 1736 1562 1768 illa
1588 1736 1784 1779 approbaret
1809 1742 1840 1770 et
1865 1747 1942 1770 con-

1202 1789 1360 1829 firmaret,
1387 1789 1569 1833 praefatum
1590 1799 1667 1822 vero
1687 1788 1866 1823 definitoris
1882 1794 1941 1823 stn-

1204 1848 1305 1875 tutum
1321 1843 1467 1876 aboleret
1487 1849 1517 1876 et
1535 1843 1692 1884 irritaret)
1711 1843 1779 1887 ipse
1794 1843 1940 1878 Michael-

1201 1897 1336 1939 angelus
1361 1896 1630 1940 archiepiscopus
1650 1901 1681 1929 et
1701 1896 1849 1937 nuncius,
1866 1908 1940 1931 curn

1201 1950 1405 1993 cognovisset
1415 1955 1569 1993 quantum
1581 1950 1655 1983 inde
1668 1950 1838 1993 religiosae
1851 1951 1941 1994 quie-

1201 2003 1238 2036 tis
1278 2003 1464 2047 provinciae
1500 2004 1667 2047 praefatae
1704 2009 1940 2047 proventurum

1200 2063 1306 2097 essct,
1332 2057 1470 2100 praeviis
1498 2057 1617 2090 debitis
1656 2058 1939 2092 informationibus

1198 2122 1257 2155 per
1281 2122 1353 2144 snas
1379 2111 1502 2144 litteras
1530 2112 1581 2144 die
1607 2122 1636 2145 ix
1663 2112 1847 2146 decembris
1861 2113 1937 2146 anni

1197 2164 1344 2209 proxime
1370 2164 1538 2208 praeteriri
1566 2165 1731 2209 expeditas
1755 2167 1867 2199 eadem
1887 2167 1940 2200 de-

1197 2223 1284 2250 creta
1325 2224 1356 2250 et.
1395 2217 1616 2251 stabilimenta
1661 2219 1935 2263 confirmaverat,

1197 2271 1280 2304 dicta
1307 2282 1383 2304 vero
1410 2276 1528 2305 statuta
1552 2271 1738 2316 specialiter
1770 2278 1801 2305 et
1833 2284 1869 2306 ex
1902 2283 1936 2305 se

1197 2326 1431 2368 derogaverat,
1458 2331 1489 2359 et
1525 2326 1612 2365 alias,
1638 2332 1737 2369 prout
1773 2326 1804 2359 in
1841 2326 1935 2360 dictis

1197 2379 1313 2412 litteris
1339 2379 1503 2422 praefatae
1523 2379 1734 2412 cardinalium
1753 2378 1936 2422 Congrega-

1197 2432 1274 2466 tioni
1302 2432 1455 2466 exhibitis
1479 2433 1613 2466 uberius
1639 2433 1807 2466 dicebatur
1831 2432 1936 2466 conti-

1196 2486 1291 2520 neri:
1318 2497 1353 2519 ac
1379 2487 1516 2530 proinde
1543 2497 1602 2530 pro
1628 2492 1717 2530 parte
1742 2486 1872 2519 Antonii
1903 2491 1935 2520 et

1196 2540 1334 2574 ministri
1370 2540 1578 2584 provincialis
1614 2540 1834 2584 praelatorum
1871 2540 1934 2584 ipsi

1196 2593 1450 2636 Congregationi
1491 2592 1705 2626 cardinalium
1750 2593 1932 2638 supplicato

1196 2653 1229 2680 ut
1243 2647 1418 2691 praedictis
1433 2646 1560 2688 litteris,
1579 2657 1638 2690 pro
1656 2645 1791 2680 firmiori
1805 2647 1932 2681 illarum

1195 2700 1406 2734 subsistentia
1431 2700 1602 2744 stabilique
1627 2700 1729 2734 dictae
1748 2701 1932 2745 provinciae

1955 302 2002 328 An.
2024 301 2053 328 C.
2077 292 2144 330 17'0'0
