2254 3225
204 247 251 274 An.
268 246 297 272 c.
319 244 383 271 1693
428 234 492 267 5502

234 1682 389 1704 Contrariorum

209 1709 328 1735 derogatio.

249 1946 311 1967 Fides
335 1947 393 1966 tran-

209 1976 347 2000 sumptorum.

395 291 535 334 singula,
562 290 657 324 salvis
692 294 798 322 tamen
823 285 1032 320 ulterioribus
1053 293 1128 326 pro-

394 344 575 377 visionibus
599 343 632 375 in
657 343 779 376 eisdem
804 338 989 384 praemissis
1015 341 1129 370 contra

394 406 616 441 quoscumque
637 395 732 429 etiam
750 392 900 437 specifica
918 396 949 424 et
965 389 1130 423 individua

394 450 561 484 mentione
587 454 619 482 et
638 447 848 491 expressione
867 444 982 486 dignos
1000 454 1017 475 a
1034 442 1127 475 nobis

395 509 426 536 ct
450 503 510 536 hac
544 502 659 535 Sancta
683 500 763 533 Sede
801 498 1069 541 quandocumque
1097 498 1129 527 et

395 556 699 600 quomodocumque
716 551 891 596 capiendis,
912 551 1028 583 harum
1045 547 1129 580 serie

395 610 506 643 itidem
532 615 693 653 perpetuo
726 615 923 645 revocamus,
954 611 1127 640 cassamus,

395 663 568 702 irritamus,
594 661 798 694 annullamus
825 663 856 691 et
879 657 1054 695 abolemus,
1086 654 1130 686 vi-

396 717 551 759 ribusque
577 720 609 748 et
632 713 747 747 effectu
772 711 903 756 penitus
940 713 971 743 et
995 707 1129 742 omnino

396 779 587 807 vacuamus,
624 778 659 800 ac
682 776 743 809 pro
768 764 940 804 revocatis,
977 761 1127 799 cassatis,

397 822 507 861 irritis,
532 821 630 854 nullis
655 818 805 852 invalidis
832 823 862 850 et
890 815 1030 854 abolitis,
1058 813 1130 846 viri-

395 877 520 918 busque
557 880 588 907 et
623 873 740 906 effectu
773 871 902 914 penitus
940 874 972 902 et
995 867 1129 901 omnino

398 928 504 961 vacuis
529 936 654 970 semper
671 925 786 958 haberi
812 924 945 964 debere,
963 922 1073 964 sicque
1100 925 1132 953 et

396 992 462 1015 non
488 980 584 1013 aliter
608 979 640 1011 in
665 976 853 1021 praemissis
879 986 938 1018 per
963 983 1132 1017 quoscum-

397 1044 459 1077 que
496 1032 617 1065 iudices
653 1030 835 1064 ordinarios
875 1033 908 1061 et
943 1027 1129 1067 delegatos,

397 1087 494 1120 etiam
518 1094 686 1118 causarum
711 1083 822 1126 palatii
847 1079 1019 1124 apostolici
1043 1077 1132 1112 audi-

398 1144 497 1178 mres,
524 1143 555 1170 et
579 1136 610 1169 S.
637 1135 674 1168 R.
701 1135 736 1168 E.
752 1134 915 1177 praefatae
941 1131 1132 1169 cardinales,

399 1190 493 1224 ctiam
512 1190 550 1222 de
563 1190 664 1222 latere
680 1189 817 1230 legatOS,
830 1186 951 1219 aliosve
970 1184 1134 1228 quoslibet

399 1252 599 1286 quacumque
627 1239 885 1284 praeeminentia
914 1243 946 1270 et
969 1241 1132 1280 potestate

399 1297 570 1338 fungentes
599 1298 631 1327 et
659 1293 847 1332 suncturos‚
874 1292 1000 1324 sublata
1031 1290 1078 1322 eis
1103 1293 1134 1321 et

400 1359 514 1383 corum
530 1347 662 1381 cuilibet
678 1345 790 1390 quavis
809 1345 902 1378 aliter
918 1343 1084 1377 iudicandi
1102 1347 1134 1375 et

400 1400 635 1444 interpretandi
654 1400 802 1432 facultate
820 1401 851 1431 et
868 1397 1067 1435 auctoritate,
1086 1395 1134 1427 iu-

401 1455 498 1488 dicari
525 1459 556 1487 et
581 1452 708 1486 definiri
734 1451 864 1491 debere,
890 1461 926 1483 ac
950 1450 1076 1482 irritum
1102 1454 1134 1481 et

400 1508 513 1547 inane,
538 1507 564 1539 si
589 1516 682 1539 secus
706 1515 806 1548 super
831 1504 881 1536 liis
904 1514 921 1536 a
946 1512 1132 1547 quoquam,

401 1560 511 1605 quavis
528 1558 730 1598 auctoritate,
748 1557 888 1590 scienter
906 1557 955 1589 vel
981 1556 1135 1598 ignoran-

401 1621 461 1656 ter,
482 1612 656 1656 contigerit
680 1611 840 1651 attentari,
867 1610 1086 1643 decernimus.

445 1669 459 1712 ἓ
483 1668 514 1702 3.
541 1667 611 1700 Non
632 1665 837 1699 obstantibus
857 1663 1007 1697 omnibus
1028 1669 1058 1696 et
1075 1662 1135 1695 sin-

401 1723 485 1766 gulis
510 1721 585 1761 illis,
612 1729 694 1763 quae
715 1723 911 1752 memoratus
928 1716 1134 1749 innocentius

402 1775 636 1820 praedecessor
669 1773 701 1805 in
737 1772 803 1805 suis
828 1770 944 1804 litteris
981 1770 1134 1813 praefatis

402 1828 580 1862 voluitnon
598 1826 740 1865 obstare,
756 1824 936 1866 ceterisque
962 1822 1133 1855 contrariis

403 1883 673 1927 quibuscumque.

447 1934 516 1979 §le
549 1933 704 1965 Volumus
739 1934 845 1963 autem
877 1934 913 1961 ut
949 1929 1134 1962 earumdem

403 1986 622 2034 praesentium
639 1984 820 2018 litterarum
835 1982 1061 2025 transumptis,
1080 1993 1135 2015 seu

405 2040 573 2084 exemplis,
599 2037 694 2072 etiam
718 2036 895 2080 impressis,
921 2046 1014 2068 manu
1037 2036 1137 2068 alicu-

406 2096 455 2130 ius
481 2092 599 2127 notarii
615 2090 737 2135 publici
763 2089 964 2132 subscriptis,
984 2094 1015 2122 et
1032 2089 1136 2132 sigillo

405 2157 564 2193 personae
585 2145 618 2178 in
638 2143 873 2177 eccelesiastica
891 2142 1047 2185 dignitate
1065 2153 1138 2175 eon-

407 2202 538 2235 stitutae
574 2197 724 2237 munitis,
751 2196 865 2229 eadem
898 2206 1032 2239 prorsus
1058 2195 1137 2228 fides

408 2254 610 2292 adhibeatur,
625 2261 706 2294 quae
723 2249 936 2282 adhiberetur
953 2248 1030 2292 ipsis
1048 2258 1140 2292 prae-

408 2307 553 2341 sentibus
567 2305 592 2337 si
606 2304 712 2337 forent
729 2302 891 2335 exhibitae
905 2301 954 2334 vel
973 2307 1135 2334 ostensae.

452 2361 567 2394 Datum
592 2358 720 2395 Romae,
746 2356 832 2398 apud
864 2355 895 2387 S.
923 2354 1052 2387 Mariam
1077 2354 1140 2388 Ma-

410 2416 520 2453 iorem,
543 2412 604 2445 sub
628 2410 749 2443 annulo
774 2408 955 2447 piscatoris,
981 2408 1032 2440 die
1058 2418 1067 2441 1
1093 2418 1140 2441 se-

409 2466 568 2513 ptembris
603 2472 757 2502 iuncxcni,
794 2460 1000 2504 pontificatus
1040 2461 1141 2494 nostri

411 2530 496 2555 anno
522 2528 571 2552 111.

452 2583 511 2609 Dat.
526 2579 569 2608 dte
583 2579 597 2607 1
615 2576 777 2614 septembris
796 2575 876 2608 1693,
892 2575 986 2611 iveritis.
1004 2583 1074 2603 anno
1089 2582 1118 2603 111

971 234 1150 260 BULLARIUM
1175 231 1328 256 ROMANUM

1915 225 1964 251 An.
1984 224 2012 251 c.
2033 225 2096 251 ⁴093

1495 278 1579 311 va.

1171 350 1363 384 Declaratur
1376 354 1404 383 et
1422 348 1603 393 aiiipliatw·
1615 346 1804 379 constitutio
1821 345 1908 377 abro-

1212 405 1355 447 qatiom's
1394 403 1607 435 discretorum
1643 400 1685 432 ad
1719 399 1906 442 provincius

1212 457 1365 490 Baeticae
1399 459 1427 489 et
1451 455 1619 488 Navarrae
1649 454 1792 495 fratrum
1819 452 1903 494 Cap-

1211 510 1435 553 puccinomm,
1472 517 1541 540 cum
1576 505 1749 538 nonnullis
1773 505 1901 538 ordina-

1214 561 1377 595 tionibus&

1350 640 1545 668 Innocentius
1565 640 1645 674 Papa
1664 639 1728 673 ΧΠ,

1306 685 1343 712 ad
1363 686 1501 713 futuram
1520 685 1565 713 rei
1586 685 1772 712 memoriam.

1215 757 1229 801 ἓ
1249 757 1280 790 1.
1300 757 1386 790 Alias
1405 762 1596 790 emanarunt
1613 767 1631 789 a
1655 756 1749 789 nobis
1767 757 1806 790 ad
1831 767 1907 800 sup-

1171 810 1378 853 plicationem
1398 809 1550 842 carissimi
1576 809 1607 842 in
1625 810 1752 844 Christo
1777 810 1834 843 silii
1854 821 1908 843 no-

1171 863 1227 895 stri
1253 862 1612 905 Carolillispaniarum
1636 863 1721 904 regis
1755 863 1907 896 catholici

1173 916 1300 948 litterae
1325 916 1358 947 in
1385 915 1483 948 simili
1509 915 1611 948 forma
1636 915 1745 948 Brevis
1771 916 1906 956 tenoris,

1173 969 1224 1011 qui
1240 968 1393 1011 sequitur,
1407 968 1568 1001 videlicet.
1594 980 1607 998 ct
1619 968 1830 1001 Innocentius
1845 969 1911 1002 Pa-

1172 1032 1214 1063 pa
1238 1021 1315 1060 XII,
1342 1021 1384 1052 acl
1406 1025 1596 1063 perpetuam
1620 1021 1669 1053 rei
1704 1022 1906 1062 nzemoriam,

1174 1073 1281 1116 Nuper
1304 1084 1377 1117 pro,
1405 1072 1495 1106 etcfl.
1522 1073 1634 1106 Datum
1660 1074 1798 1115 Romae,
1826 1075 1910 1118 apud

1174 1128 1204 1160 S.
1231 1127 1361 1159 Mariam
1386 1126 1548 1166 Maiorem,
1574 1128 1632 1160 sub
1657 1127 1777 1160 annulo
1803 1127 1909 1161 Pisca-

1176 1180 1267 1221 [οι-ῖς,
1295 1180 1345 1213 die
1369 1189 1443 1213 xx1x
1465 1179 1571 1212 martii
1596 1190 1754 1221 nncxcm,
1779 1181 1910 1225 pontisi-

1175 1238 1262 1265 catus
1287 1232 1388 1265 nostri
1414 1243 1499 1266 anno
1526 1243 1548 1266 11
1570 1245 1600 1265 5³.
1991 1262 1996 1274 Ι

1219 1286 1233 1328 ξ
1252 1285 1282 1318 :2
1303 1285 1380 1319 Cum
1406 1291 1522 1326 autem,
1541 1286 1623 1319 sicut
1639 1296 1697 1330 pro
1714 1292 1806 1330 parte
1828 1288 1911 1322 eius·
1947 1275 2035 1324 psms‘
2048 1306 2103 1325 rems

1921 1329 2020 1351 catholici
2065 1335 2103 1354 pro

1176 1338 1247 1370 dem
1273 1337 1378 1371 Caroli
1410 1338 1496 1380 regis
1531 1349 1591 1382 per
1616 1341 1818 1383 praedictum
1852 1341 2064 1377 ‹lii-flesimtwnfl
2083 1357 2104 1375 οι

1921 1384 2057 1409 ampliatione
2077 1382 2103 1402 dn

1176 1401 1245 1423 cern
1270 1391 1379 1424 denuo
1404 1391 1497 1424 nobis
1515 1402 1619 1435 nuper
1636 1393 1817 1436 expositum
1839 1394 1962 1437 suit,qua
1978 1410 2102 1430 mrum-ica.

1177 1443 1207 1475 in
1247 1444 1459 1487 praeinsertis
1500 1445 1619 1477 nostris
1658 1446 1774 1478 litteris
1816 1447 1910 1480 trium

1176 1496 1416 1539 provinciarum
1449 1508 1628 1539 regnorum
1660 1498 1830 1542 utriusque
1855 1499 1911 1532 Ca-

1176 1550 1287 1582 stellae
1314 1549 1388 1582 dieti
1421 1549 1570 1591 Ordinis,
1604 1561 1723 1594 nempe
1755 1552 1910 1586 Castellae

1176 1602 1297 1635 Veteris
1324 1608 1356 1635 et
1379 1602 1485 1636 Novae
1516 1608 1735 1646 nuncupatae,
1760 1615 1820 1638 nec
1844 1615 1911 1639 non

1177 1655 1324 1688 Baeticae
1357 1661 1389 1688 et
1411 1655 1571 1689 Navarrae
1603 1657 1844 1699 provinciarum
1864 1658 1912 1691 di-

1176 1709 1290 1742 stincta
1316 1714 1347 1741 et
1382 1719 1536 1752 expressa
1571 1710 1694 1743 mentio
1731 1710 1813 1744 sacta
1844 1721 1911 1744 non

1176 1763 1285 1803 suerit,
1312 1763 1456 1806 quinimo
1492 1773 1553 1796 nec
1577 1764 1610 1796 in
1636 1764 1761 1797 eisdem
1793 1764 1911 1798 litteris

1176 1815 1340 1858 provisum
1365 1816 1460 1848 suerit
1489 1816 1584 1859 quod,
1610 1817 1682 1849 loco
1712 1817 1913 1860 supradicto-

1177 1880 1247 1901 rum
1273 1868 1508 1901 discretorum⁸
1532 1869 1803 1910 conventualium,
1830 1871 1914 1904 sicut

1177 1921 1406 1965 praemittitur,
1423 1922 1625 1955 sublatorum
1650 1928 1681 1955 et
1705 1929 1911 1964 remotorum,
1952 1918 1975 1938 ἠ

1178 1986 1239 2018 pro
1266 1980 1411 2018 tempore
1437 1975 1611 2008 existentes
1638 1976 1824 2009 earumdem
1843 1987 1914 2020 pro-

1178 2028 1352 2061 vinciarum
1378 2026 1567 2061 definitores
1592 2033 1625 2061 et
1648 2029 1812 2069 custodes,
1839 2040 1914 2063 nec-

1179 2092 1244 2114 non
1281 2082 1307 2114 is
1331 2082 1457 2122 saltem,
1495 2081 1548 2124 qui
1582 2081 1754 2114 novissime
1790 2082 1912 2116 inillis

1180 2135 1431 2178 provincialatus
1456 2134 1561 2167 officio
1587 2135 1763 2178 respective
1788 2136 1914 2169 functus

1179 2189 1286 2228 suerit,
1307 2188 1339 2220 in
1364 2198 1473 2220 earum
1499 2187 1691 2220 delinitoriis
1715 2193 1746 2220 et
1765 2189 1913 2232 capitulis

1180 2241 1432 2286 provincialibus
1450 2246 1558 2274 votum
1583 2251 1639 2273 seu
1660 2240 1846 2284 suffragium
1867 2253 1916 2275 re-

1181 2296 1323 2340 spective
1341 2295 1460 2328 habere
1479 2294 1627 2335 debeant,
1641 2296 1915 2338 quemadmodum

1974 766 2099 787 Cum-[tuum

1917 794 2011 815 laudm.

1219 2405 1228 2430 1
1252 2402 1370 2430 Laudata
1390 2400 1543 2428 constitutio
1563 2400 1636 2427 edita
1654 2400 1704 2427 fuit
1723 2407 1852 2437 nncxcm,
1873 2402 1917 2430 die

1183 2449 1216 2476 ⁹29
1236 2447 1335 2479 martii,
1354 2445 1449 2482 pontif.
1469 2452 1497 2480 u,
1518 2448 1544 2472 et
1562 2444 1589 2471 in
1606 2449 1690 2472 const.
1716 2446 1761 2473 ed.
1789 2453 1914 2482 iuncxctv,

1184 2493 1226 2520 die
1245 2493 1261 2519 5
1281 2491 1382 2527 aprilis,
1404 2494 1478 2526 pont.
1499 2496 1540 2524 111,
1560 2490 1704 2525 ampliatur
1718 2490 1752 2517 ad
1772 2490 1838 2518 alias
1852 2499 1917 2527 pro-

1184 2538 1296 2566 vincias.

1220 2584 1235 2610 2
1256 2582 1319 2609 Vide
1339 2589 1421 2617 supra
1440 2588 1501 2614 pag.
1522 2580 1574 2607 514
1594 2581 1632 2613 (a.
1646 2581 1694 2612 τ.).

1221 2627 1236 2655 3
1256 2627 1327 2654 Edit.
1349 2625 1421 2653 Maia
1455 2624 1516 2660 tegit
1537 2625 1717 2654 decretorum
1737 2625 1775 2660 (u.
1797 2626 1847 2661 τ,).
