2254 3225
246 233 293 258 An.
311 233 339 258 C.
365 232 427 258 1691

273 1143 374 1164 concessa
390 1139 428 1158 suit

246 1171 279 1190 diu
309 1172 427 1189 anniversa-

246 1203 277 1218 ria
301 1194 428 1216 indulcvntia

245 1276 291 1295 dein
310 1273 426 1299 quadrage-

246 1306 326 1322 natum.

476 222 540 256 ⁴¹1le

440 280 477 312 tri
498 286 528 313 et
545 280 646 320 Pauli,
662 291 698 312 ac
716 279 779 319 sua,
798 279 919 312 matura
938 276 1168 311 deliberatione

438 333 641 376 praehabita,
669 338 701 366 et
725 332 831 364 divina
865 342 925 374 ope
954 330 1081 372 saepius
1114 328 1169 359 im-

439 387 573 430 plorata,
602 397 638 418 ac
663 386 700 418 (le
726 385 942 428 praefatorum
967 381 1080 415 S.R.E.
1100 390 1165 412 car-

440 438 606 478 dinalium,
625 439 889 481 patriarcharum,
911 434 1167 476 archiepiscopo-

439 502 508 523 runi
534 496 566 523 et
590 491 813 534 episcoporum
839 495 914 520 tunc
938 488 969 519 in
994 486 1078 518 Urbe
1103 484 1167 516 exi-

439 544 589 576 stentium
615 543 757 582 consilio,
782 544 910 575 beatum
946 540 1097 571 loannem
1128 536 1166 569 de

438 596 515 636 Deo,
544 597 605 627 una
633 606 704 627 cum
738 594 837 626 beatis
874 590 1043 624 Laurentio
1076 588 1167 620 lusti-

437 648 546 687 niano,
576 648 694 680 Ioanne
724 658 741 678 a
765 645 962 687 Capistrano‚
998 642 1116 674 loanne
1150 651 1166 672 a

437 701 467 734 S.
495 701 645 733 Facundo
677 704 708 731 et
740 697 892 730 paschale
926 695 1068 737 Baylon‚
1093 693 1166 726 San·

437 758 521 785 ctum
547 763 617 785 esse
643 750 784 784 decrevit
808 754 839 782 et
863 747 1016 786 desinivit,
1039 756 1074 778 ac
1094 746 1167 779 San·

437 810 558 838 clorum
583 805 726 845 catalogo
750 802 932 845 adscripsit,
959 805 1102 832 statuens
1126 800 1165 831 ab

437 858 609 890 universali
623 855 763 889 Ecclesia
781 854 924 898 quolibet
941 863 1024 885 anno
1038 852 1090 885 die
1108 862 1164 885 vui

437 910 541 943 martii
567 908 754 942 memoriam
790 907 890 950 ipsius
926 905 1012 938 inter
1039 910 1165 938 sanctos

438 963 645 996 Confessores
662 971 724 993 non
743 959 911 992 Pontifices
924 959 976 1002 pia
996 958 1165 991 devotione

438 1016 534 1049 recoli
560 1015 688 1048 debere.
715 1013 746 1046 ln
773 1012 903 1044 nomine
929 1011 1028 1043 Patris
1047 1016 1079 1044 et
1095 1010 1165 1043 Filii

439 1074 470 1101 et
493 1069 631 1111 Spiritus
655 1066 771 1099 Sancti.
801 1066 912 1097 Amen.

481 1122 496 1164 g
520 1120 572 1154 218.
599 1120 779 1162 Eademque
803 1118 992 1151 aiictoritate
1016 1117 1166 1151 omnibus

438 1175 606 1216 utriusque
646 1183 739 1205 sexus
784 1171 1050 1204 christifidelibus
1091 1181 1167 1203 vere

436 1279 579 1322 singulis,
599 1279 631 1310 in
656 1278 707 1310 die
728 1278 808 1310 sesto
832 1277 975 1309 eiusdem
997 1276 1099 1309 sancti
1121 1275 1170 1308 Io-

436 1333 536 1372 annis,
570 1332 609 1364 ad
634 1331 853 1373 sepulchrum,
870 1329 902 1361 in
928 1339 990 1373 quo
1008 1329 1075 1362 eius
1100 1339 1169 1361 cor-

437 1397 495 1430 pus
522 1384 707 1427 requiescit,
734 1383 927 1415 visitandum
946 1383 1168 1422 accessissent,

437 1445 559 1484 septem
595 1449 696 1471 annos
716 1443 747 1470 ct
782 1438 915 1470 totidem
946 1437 1169 1480 quadragenas

439 1494 477 1526 de
502 1492 652 1524 iniunctis
678 1491 723 1524 eis
749 1491 895 1523 autalias
927 1490 1169 1533 quomodolibet

439 1545 553 1578 debilis
590 1543 799 1587 poenitentiis
839 1542 1096 1575 misericorditer
1136 1542 1168 1574 in

438 1598 572 1631 Domino
611 1595 764 1629 relaxavit
799 1595 831 1627 in
868 1595 968 1628 forma
1006 1595 1169 1628 Ecclesiae

440 1652 601 1684 consueta.
637 1649 803 1682 Postremo
828 1649 929 1681 Deum
963 1649 1089 1681 Patrem
1122 1658 1170 1680 ae-

440 1708 579 1741 ternum,
597 1712 770 1744 regemque
788 1701 909 1743 gloriae
930 1701 1092 1734 Christum
1111 1700 1170 1733 Do-

440 1756 561 1789 minum
579 1754 681 1787 Patris
701 1754 887 1797 sempiterni
909 1753 1035 1793 Filium,
1052 1759 1081 1786 et
1099 1754 1171 1786 San-

440 1814 523 1840 ctum
548 1807 736 1840 paraclitum
758 1807 919 1849 Spiritum,
938 1817 1036 1838 unum
1060 1806 1171 1845 Deum,

440 1871 603 1904 unumque
629 1860 807 1900 Dominum,
822 1859 970 1892 laudibus
996 1864 1028 1892 et
1051 1860 1171 1892 conses-

442 1914 587 1946 sionibus
610 1919 792 1952 veneratus,
815 1922 971 1955 sacroque
990 1912 1108 1956 hymno
1133 1912 1172 1945 Te

442 1967 543 1999 Deum
558 1965 899 2009 decantato,peculiari
914 1965 1059 1998 oratione
1077 1965 1170 1998 etiam

443 2029 500 2061 per
524 2018 599 2051 dicti
624 2018 710 2051 beati
734 2018 861 2051 Ioannis
885 2018 1000 2050 merita
1024 2023 1172 2061 precatus

444 2071 509 2111 suit,
529 2076 624 2115 atque
640 2071 754 2104 missae
773 2071 810 2103 ad
826 2072 926 2103 altare
945 2071 979 2103 B.
996 2070 1078 2103 Petri
1100 2081 1173 2113 apo-

445 2124 518 2157 stoli
536 2134 606 2156 cum
625 2124 771 2157 eiusdem
788 2124 873 2157 beati
888 2124 1017 2157 loannis
1035 2134 1173 2157 comme-

444 2177 622 2209 moratione
638 2177 842 2209 avenerabili
858 2177 953 2210 l‘ratre
968 2182 1088 2216 nostro,
1100 2182 1173 2210 tunc

445 2240 509 2267 suo,
525 2229 646 2262 Palutio
672 2230 825 2272 episcopo
849 2229 1019 2262 Sabinensi
1036 2229 1067 2262 S.
1084 2229 1120 2261 R.
1137 2229 1171 2261 E.

446 2282 601 2314 cardinali
621 2283 658 2314 de
675 2282 803 2315 Alteriis
828 2288 1011 2325 nuncupato
1038 2282 1173 2315 solemni

447 2335 508 2367 ritu
543 2335 723 2367 celebratae
759 2335 925 2374 interfuit,
960 2335 1175 2378 omnibusque

447 2387 710 2419 christifidelibus
729 2393 802 2420 tunc
822 2388 1047 2430 praesentibus
1064 2388 1175 2430 plena·

446 2440 525 2472 riam
543 2440 682 2472 omnium
701 2446 907 2483 peccatorum
926 2451 1054 2474 suorum
1075 2442 1175 2474 indul·

449 2492 587 2534 gentiam
620 2498 650 2524 et
682 2493 901 2526 remissionem
928 2493 1102 2526 concessit.
1130 2494 1177 2526 Iu-

1011 227 1186 253 nuiiiiitniru
1212 225 1364 249 noimxcii

1188 273 1191 286 ¹
1210 272 1470 306 benedictionem
1486 272 1602 305 viventi
1616 273 1647 305 in
1663 274 1789 306 saecula
1802 275 1930 308 saeculo

1949 225 1997 252 An.
2018 226 2045 252 C.
2065 226 2126 254 1691

1211 335 1297 365 rum,
1323 325 1377 369 qui
1403 325 1522 358 iustum
1547 326 1634 359 hunc·
1659 326 1704 359 sic
1729 326 1860 360 deduxit
1882 339 1941 371 per

1212 377 1275 409 vias
1289 383 1392 411 rectas
1402 383 1434 411 et
1444 379 1625 412 honestavit
1637 379 1668 411 in
1684 379 1850 412 laboribus
1864 381 1939 421 suis,

1210 434 1244 460 ut
1268 433 1354 462 esset
1377 434 1506 463 sanctus
1533 436 1565 462 et
1589 431 1811 463 immaculatus
1835 441 1941 465 coram

1209 480 1303 524 ipso,
1333 482 1505 526 divinaque
1535 483 1757 516 misericordia
1789 483 1941 528 illiusque

1209 535 1332 567 meritis
1358 535 1456 568 fretus
1473 536 1625 578 sperabat
1648 535 1879 576 confidentius,
1907 542 1942 570 ut

1209 588 1294 620 idem
1313 587 1427 627 iustus,
1446 588 1498 630 qui
1516 588 1549 620 in
1567 588 1628 620 hoc
1645 589 1765 621 mundo
1779 599 1834 621 cor
1850 600 1940 622 suum

1209 640 1385 672 tradiderat
1401 640 1440 672 ad
1460 640 1656 682 vigilandum
1672 640 1813 674 diluculo
1827 642 1866 674 ad
1881 641 1941 675 Do-

1202 692 1330 725 -rninum
1352 691 1407 735 qui
1432 692 1553 725 fecerat
1577 693 1681 733 illurn,
1706 693 1739 726 in
1764 699 1938 737 conspectu

1209 744 1365 777 Altissimi
1382 755 1442 788 pro
1459 744 1656 779 christianae
1672 745 1869 789 reipublicae
1888 757 1942 779 ne-

1208 798 1413 831 cessitatibus
1436 798 1680 842 deprecaretur,
1700 804 1732 832 et
1751 800 1878 841 flagella
1895 799 1942 832 di-

1208 851 1300 884 vinae
1317 851 1516 892 iracundiae,
1543 862 1625 895 quae
1651 862 1709 895 pro
1731 863 1841 886 eorum
1866 863 1942 896 pec-

1207 904 1285 937 catis
1304 906 1455 937 mortales
1481 905 1683 945 meruissent,
1708 911 1880 939 averteret.

1251 956 1333 1000 519.
1352 957 1395 990 Ne
1409 963 1514 990 autem
1533 958 1571 990 de
1590 959 1732 998 decreto,
1750 958 1938 992 delinitione
1978 968 2135 998 aeiataomnm

1208 1009 1438 1053 adscriptione,
1462 1015 1593 1050 statuto,
1625 1012 1834 1050 relaxatione,
1865 1001 2059 1045 con-{liliss'lllss
2097 995 2135 1042 Ἣ

1209 1062 1365 1103 cessione,
1382 1063 1563 1101 voluntate,
1579 1063 1715 1107 aliisque
1740 1064 1938 1106 praemissis,
1951 1048 1992 1068 ¹¹⁰⁰
2006 1047 2115 1068 ''mmm’'

1211 1125 1267 1158 pro
1293 1125 1329 1147 eo
1355 1115 1442 1158 quod
1471 1126 1568 1158 super
1591 1116 1656 1149 illis
1683 1116 1783 1159 ipsius
1807 1118 1943 1150 Alexan-

1212 1168 1259 1200 dri
1287 1168 1545 1211 praedecessoris
1571 1169 1711 1208 litterae,
1738 1169 1806 1201 eius
1831 1180 1929 1213 super

1213 1221 1362 1253 veniente
1388 1221 1486 1260 obitu,
1514 1222 1681 1255 consectae
1705 1232 1770 1255 non
1797 1222 1942 1262 fuerant,

1211 1275 1314 1307 valeat
1334 1274 1575 1317 quomodolibet
1600 1274 1771 1307 haesitari:
1797 1276 1944 1308 volumus

1211 1332 1242 1359 et
1279 1327 1457 1370 apostolica
1495 1326 1687 1360 auctoritate
1726 1327 1942 1369 decernimus,

1211 1380 1294 1422 quod
1320 1380 1493 1420 decretum,
1512 1379 1667 1419 definitio,
1685 1380 1871 1423 adscriptio,
1889 1385 1947 1413 sta-

1212 1438 1326 1474 tutum,
1361 1433 1527 1473 relaxatio,
1569 1433 1749 1473 concessio,
1786 1434 1943 1474 voluntas,

1211 1487 1336 1529 aliaque
1360 1485 1548 1530 praemissa,
1575 1496 1591 1518 a
1615 1485 1701 1519 dicto
1726 1486 1777 1518 die
1802 1496 1865 1519 xvu
1891 1486 1945 1518 ka-

1212 1540 1324 1573 lendas
1351 1539 1534 1572 novembris
1571 1550 1666 1572 suum
1704 1544 1945 1583 consequantur

1213 1592 1371 1631 effectum,
1398 1603 1433 1625 ac
1451 1592 1475 1624 si
1491 1603 1589 1636 super
1606 1592 1670 1625 illis
1691 1593 1791 1636 ipsius
1809 1594 1945 1626 Alexan-

1212 1646 1259 1678 dri
1292 1645 1551 1689 praedecessoris
1586 1645 1713 1677 litterae
1744 1645 1803 1677 sub
1835 1646 1942 1679 datum

1213 1699 1356 1732 eiusdem
1382 1698 1445 1730 diei
1470 1697 1635 1730 confectae
1670 1697 1817 1737 fuissent,
1848 1703 1945 1741 prout

1213 1752 1362 1795 superius
1386 1755 1566 1790 enarratur,
1587 1750 1740 1794 quodque
1760 1756 1946 1793 praesentes

1214 1806 1349 1844 litterae,
1370 1805 1407 1836 ad
1425 1803 1629 1847 probandum
1646 1804 1741 1846 plene
1758 1804 1923 1837 decretum
1937 1831 1945 1845 ‚

1215 1858 1443 1896 definitionem,
1481 1856 1742 1899 adscriptionem,
1779 1860 1945 1898 statutum,

1214 1911 1455 1950 relaxationem,
1473 1910 1945 1951 concessionem,voluntatem,

1214 1965 1341 2007 aliaque
1356 1963 1542 2006 praemissa,
1560 1962 1682 2005 ubique
1701 1962 1868 2003 sufficiant,
1886 1973 1947 1996 nec

1214 2018 1253 2050 ad
1278 2018 1308 2050 id
1334 2016 1533 2060 probationis
1557 2015 1690 2048 alterius
1715 2015 1947 2048 adminiculum

1216 2070 1411 2113 requiratur.

1259 2122 1351 2167 520.
1385 2122 1543 2162 Ceterum,
1584 2121 1660 2164 quia
1696 2120 1824 2153 difficile
1865 2119 1946 2154 soret

1216 2180 1405 2220 praesentes
1436 2180 1563 2207 nostras
1594 2174 1719 2207 litteras
1751 2174 1788 2206 ad
1820 2174 1947 2217 singula

1217 2231 1298 2269 loca,
1326 2228 1382 2261 ubi
1406 2238 1485 2271 opus
1510 2232 1612 2266 esset,
1641 2227 1777 2267 deferri,
1803 2229 1947 2260 volumus

1217 2287 1251 2314 ut
1290 2291 1399 2314 earum
1441 2279 1607 2323 exemplis,
1640 2279 1735 2311 etiarn
1761 2279 1947 2323 impressis,

1217 2345 1313 2368 manu
1337 2332 1458 2377 publici
1491 2331 1605 2365 notarii
1624 2332 1824 2375 subscriptis,
1851 2336 1884 2364 et
1908 2332 1948 2365 si-

1219 2389 1296 2430 gillo
1322 2387 1456 2420 alicuius
1480 2395 1641 2430 personae
1667 2385 1699 2417 in
1724 2385 1880 2427 dignitate
1898 2396 1948 2419 ec-

1219 2441 1398 2474 clesiastica
1432 2439 1624 2472 constitutae
1655 2439 1798 2479 munitis,
1833 2439 1947 2472 eadem

1218 2494 1338 2537 ubique
1371 2493 1448 2525 sides
1479 2491 1680 2531 adhibeatur,
1706 2502 1789 2534 quae
1825 2491 1948 2524 eisdem

1996 2123 2058 2144 Fides
2084 2125 2138 2143 tran·

1956 2155 2014 2176 sumt·
2018 2152 2093 2170 turum.

453 2550 527 2576 :tum
547 2545 651 2587 itaque
677 2550 705 2577 et
730 2556 868 2589 aequum
886 2546 971 2579 idem
994 2547 1177 2579 Alexander
1219 2546 1443 2590 praesentibus
1470 2544 1680 2577 adhiberetur
1710 2544 1735 2577 si
1769 2548 1875 2576 essent
1898 2553 1950 2577 ex-

458 2597 649 2630 mis-limabat
676 2598 752 2631 dare
777 2599 911 2642 gloriam
927 2625 936 2641 ,
963 2599 1122 2633 honorem
1147 2604 1177 2632 et
1220 2598 1340 2632 hibitae
1364 2599 1413 2632 vel
1437 2602 1596 2631 ostensae.
