2254 3225
211 236 263 263 An.
282 235 309 262 c.
334 234 395 262 ieci
446 226 510 259 272

736 270 737 273 Ἴ
782 268 789 274 ·
987 234 1161 258 nrttmurn

407 284 522 317 iterum
560 284 632 317 dato
657 283 749 326 signo
776 294 792 315 a
817 283 975 326 praelato,
1009 282 1141 324 incipiat

406 337 586 380 gratiarum
622 337 774 377 actiones,
810 346 889 379 quas
923 340 1163 380 prosequatur¹

407 395 586 424 conventus
613 390 700 423 iuxta
733 389 885 423 eumdem
910 387 1076 422 Ecclesiae
1100 387 1163 428 ri-]

409 449 487 477 tum.
1162 430 1164 489 ξ

451 507 494 530 vt.
535 496 749 540 Temporibus
791 494 907 538 quibus
944 494 1059 526 fratres
1093 491 1165 525 bist

407 548 609 589 reficiuntur,
624 548 774 581 carnibus
791 552 933 586 utantur,
953 546 1067 579 diebus
1084 544 1144 577 sci-

406 601 484 635 licet
508 601 690 641 dominicis,
718 600 823 633 tertiis
844 604 876 632 et
894 598 1016 642 quintis
1041 598 1140 631 feriis.

407 654 441 687 ln
467 654 565 687 sextis
583 664 671 694 vero,
692 653 835 697 piscihus
860 658 892 685 et
916 651 988 685 cibo
1011 651 1165 695 quadra-¹

408 707 555 751 gesirnali
579 712 759 746 vescantur,
795 716 867 738 cum
892 704 1143 748 exceptionibus

408 767 516 794 tamen
541 760 693 804 superius
719 759 901 798 declaratis,
927 764 958 791 et
982 758 1058 791 licet
1082 757 1142 790 iam

408 812 441 845 in
481 812 624 845 sabbatis
660 823 695 845 ex
722 817 897 855 praecepto
929 810 1092 843 Ecclesiae
1129 819 1145 841 a

408 865 558 898 carnibus
593 865 832 904 abstineamus;
871 864 946 906 quia
970 869 1076 896 tamen
1111 862 1143 894 in

408 917 602 961 quibusdam
626 917 803 960 provinciis
828 921 861 949 et
880 916 1070 959 regionibus
1089 916 1147 949 ali-

409 981 505 1013 quam
530 971 617 1014 piam
641 979 741 1013 super
766 969 827 1001 hoc
851 970 899 1002 vel
926 969 1057 1002 omnino
1072 979 1145 1001 con-

410 1023 541 1055 trariam
560 1021 832 1055 consuetudinem
851 1022 1009 1060 novimus,
1024 1021 1146 1054 idcirco

408 1081 546 1119 propter
575 1075 732 1108 honorem
768 1073 975 1106 beatissimae
1006 1073 1146 1115 vii-ginis

408 1127 526 1160 Mariae
550 1127 660 1160 matris
683 1132 714 1159 et
739 1126 932 1159 fundatricis
950 1132 1092 1164 nostrae,
1114 1125 1144 1157 in

410 1180 501 1213 dictis
542 1179 758 1222 regionibus,
782 1179 960 1222 provinciis
995 1185 1028 1212 et
1066 1178 1146 1211 locis

408 1232 565 1265 fratribus
591 1231 712 1265 nostris
747 1232 896 1264 absolute
927 1231 1143 1274 praecipimus

408 1293 444 1319 ut
468 1286 500 1319 in
526 1285 576 1319 die
602 1284 728 1318 sabbati
754 1285 884 1327 penitus
910 1284 949 1316 ah
974 1283 1064 1316 omni
1090 1294 1143 1316 esu

407 1339 556 1373 carnium
581 1337 785 1377 abstineant3
812 1336 881 1369 aliis
907 1336 1050 1379 denique
1080 1336 1146 1369 die-

409 1392 480 1432 bus,
494 1391 620 1423 scilicet
642 1390 719 1423 feria
736 1389 878 1422 secunda
896 1395 929 1421 et
952 1391 1073 1431 quarta,
1091 1400 1145 1431 pa-

410 1443 489 1477 riter
508 1454 526 1476 a
549 1443 701 1476 carnibus
727 1447 920 1484 temperent,
948 1441 1035 1473 iuxta
1052 1452 1143 1474 usum

411 1503 443 1531 et
465 1495 733 1530 consuetudinem
758 1500 939 1529 nostrarum
964 1494 1145 1538 provincia-

410 1559 481 1582 rum
505 1548 538 1581 in
562 1547 695 1581 Ordine.

453 1611 509 1634 vu.
536 1600 622 1634 Nulli
648 1600 750 1641 fratri,
777 1600 833 1633 ubi
858 1604 1055 1633 conventum
1081 1600 1141 1632 ha·

410 1653 589 1693 buerimus,
610 1653 706 1686 liceat
730 1658 818 1686 extra
843 1652 934 1685 illum
961 1652 1143 1691 comedere,

410 1706 472 1739 nisi
506 1706 546 1738 de
582 1705 715 1739 licentia
753 1705 903 1748 praelati,
941 1716 1036 1749 quam
1072 1715 1144 1738 raro

411 1758 547 1791 concedi
572 1759 732 1791 volumus.
755 1757 914 1800 Tempore
933 1757 1043 1790 ieiunii
1063 1758 1143 1790 duae

411 1811 579 1855 portiones
616 1811 840 1844 ministrentur
871 1811 1022 1844 fratribus
1058 1812 1144 1844 iuxta

411 1864 600 1907 qualitatem
627 1864 780 1908 temporis
810 1869 842 1897 et
866 1864 992 1905 ieiunii,
1026 1865 1143 1907 quibus

411 1917 545 1960 insuper
569 1923 750 1961 apponatur
785 1918 958 1950 obsonium
994 1928 1030 1950 ex
1056 1918 1145 1959 legu-

411 1970 563 2011 minibus,
599 1971 750 2011 oleribus,
781 1976 835 2003 aut
869 1970 951 2003 victu
984 1971 1142 2003 eiusmodi

411 2022 606 2056 consectum.
635 2022 777 2055 Patimur
802 2023 939 2056 subinde
965 2024 1145 2066 praelatum

412 2075 458 2109 cis
495 2076 671 2119 quidquam
708 2076 796 2109 aliud
833 2076 1010 2116 adhibere,
1049 2081 1146 2119 prout

411 2138 493 2171 opus
517 2139 587 2161 esse
612 2128 814 2167 iudicaverit,
840 2129 1021 2172 domusque
1048 2129 1145 2161 sacul-

411 2185 458 2213 tas
489 2181 696 2224 permiserit',
723 2181 773 2214 cui
807 2181 883 2214 item
912 2181 1142 2224 praecipimus,

409 2238 445 2265 ut
468 2233 501 2265 in
526 2232 595 2266 die¹
617 2233 735 2266 Natalis
759 2234 887 2266 Domini
913 2234 1082 2276 tribusque
1100 2244 1145 2267 se·

411 2286 597 2329 quentibus,
625 2286 656 2318 in
681 2287 761 2318 sesto
786 2285 997 2329 Epiphaniae,
1028 2297 1064 2319 ac
1090 2286 1146 2318 tri-

412 2337 475 2370 duo
493 2337 634 2371 Pascatis
652 2343 683 2370 et
698 2338 914 2377 PentecosteS,
932 2343 1030 2380 atque
1047 2338 1143 2371 etiam

411 2389 444 2422 in
469 2389 572 2422 sancti
597 2391 698 2432 patris
721 2389 825 2423 nostri
858 2389 984 2422 Nolasci
1014 2396 1046 2423 et
1069 2390 1142 2423 bea·

413 2447 463 2475 tae
488 2442 628 2485 Virginis
651 2442 767 2475 Mariae
793 2442 832 2475 de
858 2441 1004 2475 Mercede
1029 2443 1145 2475 soleni-

412 2494 517 2536 nibus,
533 2495 566 2527 in
591 2495 778 2527 huiusmodi
800 2495 1024 2528 celebritatum
1046 2495 1144 2529 hono-

411 2557 491 2587 rem,
512 2547 697 2590 portionem
721 2547 883 2591 duplicem
908 2549 991 2580 ultra
1016 2548 1142 2581 solitam

448 2612 458 2638 1
481 2609 551 2637 Edit.
571 2609 649 2637 alain.
670 2609 734 2646 tegit
753 2610 812 2637 dies
830 2612 866 2643 (a.
887 2615 934 2643 τ.),

1190 234 1339 256 uonAxrn

1183 281 1342 313 universis
1369 279 1519 313 fratribus
1555 281 1740 323 elargiatur,
1766 281 1902 325 praemit

1185 340 1255 366 tens
1281 333 1412 376 aliquod
1439 333 1537 366 edulii
1559 344 1662 376 genus
1683 345 1748 377 quo
1773 345 1916 367 mensam

1182 386 1351 429 incipiant,
1367 391 1398 418 et
1424 392 1587 429 postremo
1605 387 1828 429 superaddens
1854 388 1920 431 pul-

1185 443 1327 470 mentum
1354 448 1417 481 quo
1441 438 1530 472 illam
1557 439 1679 472 finiant.
1707 440 1792 473 Haec
1811 445 1919 473 autem

1184 491 1377 523 cibariorum
1395 490 1476 524 ratio
1492 492 1577 533 (uno
1594 493 1837 535 praedictorum
1855 498 1920 525 tan-

1186 543 1351 576 tummodo
1383 544 1581 577 serculorum
1606 545 1778 588 adempto)
1809 545 1842 578 in
1867 556 1920 579 so-

1184 596 1405 628 lemnitatibus
1430 596 1525 629 etiam
1549 596 1824 637 Circumcisionis,
1845 598 1921 631 Cor-

1185 648 1273 691 poris
1308 647 1448 689 Christi,
1476 649 1714 692 Assumptionis
1745 655 1777 683 et
1800 649 1921 683 Conce-

1186 700 1305 743 ptionis
1322 700 1436 734 beatae
1454 701 1570 734 Mariae
1588 702 1738 745 Virginis,
1757 702 1920 746 triumque

1186 754 1288 786 nostri
1302 754 1431 787 Ordinis
1445 760 1629 788 sanctorum
1644 755 1822 798 Raymundi
1842 754 1922 788 Non-

1186 807 1261 845 nati‚
1289 807 1374 840 Petri
1400 807 1564 840 Paschasii
1590 813 1622 841 et
1646 808 1862 850 Armengaudi
1880 808 1921 841 ab

1186 859 1256 902 ipso
1282 860 1415 892 omnino
1441 865 1595 893 servetur.

1229 922 1296 945 vui.
1323 912 1387 945 Nec
1412 914 1491 946 solis
1527 913 1681 946 fratribus
1711 914 1795 947 hanc
1826 925 1922 958 prac-

1188 964 1258 997 fatis
1284 965 1397 998 diebus
1424 966 1657 999 humanitatem
1689 967 1759 1000 fieri
1792 967 1921 1000 deside-

1187 1026 1316 1055 ramus,
1343 1017 1398 1049 sed
1425 1022 1457 1049 et
1493 1019 1691 1061 pauperibus
1728 1019 1768 1051 ad
1804 1019 1920 1051 domus

1187 1074 1314 1101 nostras
1339 1069 1581 1109 accedentibus,
1607 1070 1725 1113 quibus
1750 1081 1815 1104 non
1852 1077 1922 1103 tan-

1188 1126 1253 1153 tum
1279 1121 1392 1154 diebus
1417 1122 1555 1164 singulis
1575 1123 1921 1166 eleemosynam,sran-

1187 1174 1292 1215 gendo
1306 1184 1424 1216 panem
1437 1174 1654 1207 esurientibus
1666 1185 1736 1208 cum
1748 1175 1920 1218 Propheta,

1187 1237 1299 1259 verum
1324 1227 1422 1259 etiam
1447 1227 1479 1259 in
1505 1227 1747 1261 celebritatibus
1771 1228 1841 1260 istis
1861 1229 1923 1261 lar-

1187 1278 1310 1321 giorem
1353 1279 1522 1313 charitatis
1566 1280 1752 1313 alimoniam
1792 1281 1920 1324 erogari

1187 1332 1415 1375 praecipimus.

1230 1395 1270 1417 ix.
1298 1385 1328 1418 Si
1359 1386 1648 1419 commendatores
1692 1397 1746 1420 seu
1782 1386 1919 1431 praelati

1186 1443 1405 1471 conventuum
1430 1449 1447 1470 a
1467 1439 1641 1472 refectorio
1664 1439 1854 1483 frequenter
1870 1441 1921 1473 ab·

1187 1490 1313 1531 suerint,
1340 1492 1388 1524 vel
1434 1491 1567 1524 fratrum
1605 1492 1811 1535 quempiam,
1853 1493 1920 1526 site

1185 1549 1448 1587 praesentatum,
1473 1544 1539 1577 sive
1565 1544 1753 1587 magistrum
1770 1572 1777 1586 ,
1804 1545 1921 1579 crebro

1186 1598 1302 1630 abesse
1323 1597 1544 1640 permiserint,
1559 1597 1665 1631 officio
1679 1602 1710 1630 ct
1730 1598 1921 1631 commenda

1185 1655 1364 1692 priventur.

1229 1712 1249 1735 1.
1278 1702 1404 1735 Fratres
1430 1702 1531 1735 nostri
1556 1708 1659 1736 vestes
1680 1704 1790 1736 laneas
1809 1708 1839 1736 et
1855 1714 1920 1736 otu-

1186 1755 1263 1788 nino
1288 1755 1377 1788 albas
1402 1766 1533 1799 semper
1558 1761 1589 1788 et
1612 1756 1734 1799 ubique
1759 1757 1867 1789 serant
1886 1756 1919 1788 in

1187 1810 1344 1841 honorem
1369 1809 1517 1852 puritatis
1547 1809 1754 1842 beatissimae
1795 1815 1827 1842 et
1860 1810 1920 1842 im-

1186 1864 1361 1895 maculatae
1394 1862 1533 1904 Virginis
1566 1862 1681 1895 Mariae
1715 1862 1826 1895 matris
1861 1874 1920 1896 no-

1186 1921 1334 1955 strae,ac
1350 1915 1477 1957 signum
1500 1915 1619 1947 interni
1644 1914 1795 1947 candoris
1820 1916 1918 1948 animi

1187 1979 1283 2011 quein
1323 1968 1354 2000 in
1381 1968 1526 2001 moribus
1560 1967 1707 2011 profiteri
1745 1973 1916 2008 tenemur;

1186 2031 1250 2054 non
1275 2021 1379 2061 tineis,
1404 2020 1460 2053 sed
1485 2021 1577 2053 lanea
1594 2020 1701 2053 tunica
1725 2025 1859 2053 utantur
1878 2021 1917 2053 ad

1187 2084 1312 2114 carnes,
1338 2073 1400 2106 nisi
1424 2074 1456 2106 in
1483 2073 1677 2106 valetudinis
1700 2073 1801 2115 gratia
1824 2084 1902 2117 prae

1186 2128 1270 2159 latus
1294 2125 1544 2168 dispensaverit,
1580 2126 1706 2168 reliqua
1738 2136 1814 2158 vero
1839 2126 1920 2159 inte-

1186 2179 1273 2212 riora
1298 2178 1498 2218 indumenta,
1525 2178 1699 2211 dummodo
1725 2178 1821 2211 etiam
1855 2177 1920 2211 sint

1185 2242 1314 2274 semper
1338 2237 1368 2264 et
1393 2231 1525 2264 omnino
1551 2231 1631 2270 alba,
1667 2236 1823 2274 poterunt
1847 2241 1918 2264 esse

1186 2285 1284 2324 linea,
1311 2286 1414 2323 lanea,
1438 2294 1494 2316 seu
1521 2283 1661 2327 pellicia,
1688 2283 1805 2326 quibus
1829 2293 1920 2326 supe-

1187 2337 1293 2369 rindui
1327 2346 1421 2380 posse
1456 2335 1664 2369 concedimus
1699 2335 1839 2368 tunicam
1875 2337 1920 2369 la-

1187 2400 1279 2423 neaui
1303 2399 1407 2432 usque
1432 2389 1470 2422 ad
1496 2399 1600 2432 genua
1625 2389 1804 2421 honestatis
1823 2392 1920 2422 causa

1186 2443 1371 2475 demissam.

1230 2505 1264 2529 11.
1303 2494 1460 2538 Superior
1493 2494 1600 2527 tunica
1638 2495 1676 2527 sit
1703 2495 1861 2534 rotunda,
1887 2499 1919 2527 et

1186 2550 1368 2582 nullatenus
1404 2557 1463 2589 pro
1493 2552 1583 2590 parte
1613 2547 1768 2580 anteriori
1795 2552 1916 2590 aperta,

1185 2608 1215 2636 et
1239 2602 1281 2635 ita
1305 2602 1401 2644 longa
1425 2605 1459 2632 ut
1483 2600 1558 2632 lluat
1594 2600 1676 2633 circa
1708 2600 1833 2644 plantas
1861 2610 1918 2645 pe-

1927 233 1974 260 An.
1992 232 2020 260 C.
2045 234 2105 262 lflssl

1969 1711 2037 1732 Cncr
2052 1711 2077 1732 X.

1957 1738 1986 1759 De
2003 1741 2086 1759 vestitu.
