2254 3225
239 222 284 245 in.
303 218 329 244 C.
356 218 419 246 ¹693

261 1707 349 1735 Species
359 1707 417 1730 laeti.

465 210 528 243 496

427 268 547 300 clerum
584 278 620 299 ac
652 267 807 310 populum
844 264 1037 305 ostendant,
1063 273 1158 307 quem

428 319 635 352 beatissimus
648 319 799 363 princeps
817 319 1035 361 apostolorum
1047 317 1161 350 Petrus

430 372 460 405 in
485 373 659 405 christiana
683 372 841 414 religione
866 372 988 415 primus
1012 370 1160 408 instituit,

429 430 461 458 et
485 425 628 467 gentium
663 425 816 467 magister
847 430 877 457 et
903 424 1015 456 doctor
1046 423 1161 455 Paulus

429 488 506 521 prae
522 478 673 511 omnibus
687 477 835 517 erudivit,
850 481 946 520 atque
961 476 1002 508 ita
1016 476 1048 508 in
1062 476 1162 509 omni-

429 531 488 563 bus
514 530 748 564 honorificetur
764 530 855 569 Deus,
878 535 1004 569 nt‚cum
1027 529 1064 561 ad
1085 528 1162 561 iudi-

429 584 566 617 candum
593 583 717 616 venerit
741 588 772 615 et
796 582 991 614 scrutabitur
1015 581 1163 614 Hierusa-

428 639 492 671 lem
518 637 550 669 in
575 635 728 675 lucernis,
748 635 864 667 exaltet
882 645 941 667 nos
966 634 997 667 in
1017 639 1161 677 tempore

428 688 619 722 visitationis
636 688 675 721 ad
690 687 861 721 videndum
883 687 916 720 in
935 687 1081 721 bonitate
1099 688 1163 720 ele-

429 748 553 775 ctorum
571 751 714 780 suorum,
735 741 773 773 ad
791 740 974 773 lactandum
992 741 1023 773 in
1042 741 1163 774 laetitia

429 795 534 836 gentis
559 803 655 834 suae,
681 803 717 826 ac
742 792 891 826 laudetur
915 804 988 827 cum
1014 794 1163 826 haeredi-

430 853 491 880 tate
516 849 572 880 sua
595 846 627 879 in
654 851 827 889 perpetuas
853 846 1072 879 aeternitates.

472 900 584 933 Datum
609 899 741 938 Rornae,
767 899 851 941 apud
876 898 907 931 S.
926 899 1056 931 Mariam
1073 898 1163 933 Maio-

427 964 505 993 rem,
524 953 584 985 sub
605 953 725 985 annulo
743 951 926 992 piscatoris,
943 952 994 985 die
1006 962 1037 985 x1
1055 952 1164 985 ianua-

428 1006 466 1040 rii
486 1011 641 1045 nncxcui,
657 1003 862 1048 pontificatus
886 1004 990 1036 nostri
1015 1014 1099 1038 anno
1125 1014 1159 1039 11.

462 1067 521 1095 Dat.
543 1067 586 1094 die
603 1068 630 1094 11
650 1065 765 1093 ianuarii
781 1065 860 1097 1693,
877 1066 972 1101 pontif.
990 1073 1059 1094 anno
1075 1072 1103 1093 11,

741 1207 845 1242 XLIII.

429 1289 648 1331 Confirmalur
664 1287 825 1322 decretum
849 1288 990 1331 capituli
1013 1288 1163 1322 interme-

471 1342 521 1375 dii
545 1342 778 1374 monachorum
803 1341 1061 1376 Ct'slerciensium
1087 1343 1164 1376 Con-

470 1396 670 1438 97·e9(1!ionz's
694 1395 923 1437 Porluyalliae
940 1395 977 1428 de
993 1406 1058 1427 non
1077 1396 1163 1428 reci-

469 1448 597 1493 piendis
622 1449 807 1491 illeqz'iimis
839 1453 867 1481 el
898 1459 918 1481 ιι
950 1450 1063 1492 quavis
1093 1449 1164 1482 alid

471 1501 628 1545 reliyionc
651 1501 795 1545 ezpulsz's
811 1500 831 1534 ¹.

610 1580 808 1609 Innocentius
828 1580 908 1614 Papa
925 1580 988 1608 111.

569 1625 605 1653 ad
625 1625 758 1653 futuram
778 1624 822 1652 rei
842 1625 1022 1653 memoriam.

465 1696 655 1742 §IErponi
669 1696 764 1730 nobis
777 1707 882 1740 nuper
896 1696 1040 1729 fecerunt
1053 1696 1162 1730 dilecti

429 1751 485 1785 tilii
511 1751 609 1784 abbas
635 1749 796 1794 generalis
819 1755 849 1783 et
873 1749 1060 1782 definitores
1084 1749 1164 1782 Con—

428 1803 626 1848 gregationis
669 1803 904 1836 monachorum
947 1802 1162 1845 Portugalliae

429 1857 556 1891 Ordinis
577 1855 676 1889 sancti
702 1855 874 1895 Bernardi,
899 1855 985 1898 quod
1016 1856 1047 1888 in
1077 1856 1162 1898 capi-

430 1912 497 1943 tulo
515 1909 711 1943 intermedio
724 1908 842 1942 Iuncta
856 1913 1041 1951 nuncupato
1059 1908 1161 1941 dictae

429 1961 708 2006 Congregationis,
728 1961 778 1994 die
802 1971 857 1995 vni
878 1960 1068 2004 septembris
1089 1971 1162 2004 pro-

428 2017 513 2049 xime
550 2014 716 2059 praeteriti
752 2014 786 2047 in
815 2014 1013 2047 monasterio
1044 2013 1075 2047 S.
1103 2014 1161 2047 Ma-

429 2069 496 2102 riae
521 2069 559 2102 de
585 2067 745 2107 Alcobaqa
765 2066 909 2100 eiusdem
933 2066 1162 2110 Congrcgatio-

429 2121 480 2155 nis
505 2120 682 2161 celebrato,
706 2125 824 2153 attente
852 2119 1022 2163 perpensis
1055 2119 1160 2152 causis

429 2180 564 2218 propter
599 2183 677 2217 quas
713 2172 814 2206 felicis
838 2171 1071 2206 recordationis
1095 2172 1162 2206 Six-

429 2233 480 2260 tus
514 2227 599 2270 Papa
628 2226 651 2258 V
678 2226 911 2270 praedecessor
945 2230 1058 2258 noster
1088 2235 1161 2259 con-

430 2279 629 2313 stitutionem
643 2277 811 2322 quamdam
832 2283 944 2312 contra
961 2277 1159 2321 illegitimos,

431 2343 471 2367 ne
495 2333 527 2366 in
551 2330 724 2366 Ordinibus
752 2331 954 2375 regularibus
979 2331 1161 2375 reciperen-

466 2431 478 2458 1
500 2430 529 2457 In
543 2428 684 2456 Alexandri
700 2427 755 2455 VIII
770 2431 854 2455 const.
871 2427 936 2455 edit.
948 2433 1107 2461 mochxxix,
1118 2428 1161 2455 die

429 2474 464 2502 23
482 2473 645 2507 decembris,
666 2472 761 2508 pontis.
777 2479 795 2506 1,
811 2472 898 2507 agitur
913 2472 946 2499 de
965 2472 1095 2499 electione
1114 2472 1161 2499 ab-

429 2519 516 2552 batis;
537 2521 564 2545 et
582 2519 611 2545 in
626 2517 705 2544 huius
724 2516 820 2544 Pontis.
841 2516 950 2544 constit.
971 2517 1013 2543 ed.
1034 2522 1159 2551 nncxclv,

430 2564 473 2591 die
493 2563 528 2589 24
550 2562 656 2594 martii,
678 2560 772 2597 pontif.
793 2567 837 2596 iu,
859 2561 893 2587 de
922 2560 1102 2595 appellatione
1128 2561 1159 2588 ad

431 2608 534 2639 iudices
554 2610 630 2634 extra
650 2605 809 2641 religionem

1008 212 1185 240 BULLARIUM
1210 211 1363 238 nouum

1202 266 1263 302 tur,
1278 262 1433 302 ediderat,
1447 272 1573 295 necnon
1584 262 1712 305 praevia
1727 264 1850 295 maim-a
1864 273 1936 297 con-

1202 314 1411 354 sideratione,
1430 314 1545 347 sactum
1569 315 1627 347 suit
1643 320 1797 347 statutum
1813 326 1867 348 seu
1886 317 1936 349 dc—

1202 373 1324 400 cretum
1356 367 1477 401 tenoris
1506 368 1560 411 qui
1589 369 1741 412 sequitur,
1771 370 1934 404 videlicet:

1207 433 1221 452 ε
1241 419 1275 453 ln
1301 420 1442 463 capitulo
1466 421 1672 462 intermedio,
1696 425 1790 466 vulgo
1815 435 1937 457 nuncu-

1204 479 1277 516 pato
1306 473 1446 513 Iuncta,
1477 474 1534 506 sub
1567 474 1619 507 die
1651 485 1709 509 vin
1742 477 1934 519 septembris

1204 526 1362 559 currentis
1386 526 1461 559 anni
1479 537 1614 560 mncxcn
1632 529 1799 562 celebrato
1825 530 1857 562 in
1883 542 1935 565 ve-

1204 580 1348 612 nerando
1378 580 1576 613 monasterio
1608 581 1639 614 S.
1671 582 1787 616 Mariae
1817 583 1855 616 de
1883 585 1935 617 Al-

1204 632 1322 673 cobaca
1346 632 1442 666 domo
1476 633 1643 677 capitulari
1668 635 1935 679 Congregationis

1204 686 1438 719 monachorum
1463 685 1721 721 Cisterciensium
1747 690 1837 733 regni
1857 691 1935 724 Por-

1206 739 1367 780 tugalliae,
1393 742 1543 773 statutum
1568 745 1599 773 et
1624 740 1792 775 definitum
1818 743 1876 777 suit
1902 749 1934 777 ut

1205 792 1308 833 infra,
1335 792 1498 826 videlicet:
1518 805 1531 826 «i
1547 794 1684 827 Attentis
1709 796 1825 838 causis,
1851 808 1934 841 quae

1205 846 1300 888 digne
1324 852 1493 879 moverunt
1521 853 1650 881 sanctae
1675 850 1849 884 memoriae
1879 851 1936 884 Pa-

1205 909 1276 940 pam
1302 898 1423 932 Sixtum
1446 899 1469 931 V
1494 900 1533 933 ad
1563 900 1709 934 effectum
1740 903 1935 945 prohibendi

1204 961 1243 984 ne
1269 951 1300 984 in
1326 951 1539 994 religionibus
1560 963 1721 995 personae
1746 955 1935 998 illegitimae

1203 1009 1459 1047 acceptarentur,
1476 1005 1663 1049 eisdemque
1681 1008 1787 1041 causis
1811 1008 1936 1043 matura

1203 1055 1438 1100 ponderatione
1456 1057 1488 1090 in
1506 1057 1567 1090 isia
1583 1058 1700 1093 Iztncai
1713 1061 1934 1102 consideratis,

1203 1120 1261 1152 per
1294 1114 1442 1143 nostrum
1475 1112 1774 1147 reverendissimum
1809 1120 1934 1157 patrem

1205 1161 1351 1195 abbatem
1376 1164 1559 1204 generalem
1585 1164 1730 1208 aliosque
1749 1166 1936 1201 definitores

1204 1219 1314 1257 patres
1334 1215 1525 1248 mandamus
1545 1221 1575 1248 et
1593 1217 1822 1261 praecipimuS,
1838 1230 1879 1253 ne
1896 1220 1936 1253 ab

1205 1267 1302 1300 liodie
1327 1267 1360 1300 in
1384 1272 1552 1310 posterum
1577 1279 1671 1303 nemo
1692 1269 1725 1303 in
1744 1271 1804 1305 hac
1828 1275 1937 1306 nostra

1204 1319 1462 1362 Congregatione
1486 1326 1673 1365 acceptetur
1687 1332 1743 1356 seu
1761 1324 1936 1368 recipiatur

1205 1383 1264 1416 pro
1288 1374 1458 1416 religioso,
1492 1374 1546 1417 qui
1572 1374 1611 1407 sit
1637 1375 1843 1419 illegitimus,
1876 1379 1936 1412 etsi

1205 1437 1408 1470 quacumque
1440 1427 1594 1470 qualitate
1628 1435 1682 1461 aut
1716 1432 1937 1473 praerogativa

1206 1479 1379 1521 praeditus,
1398 1480 1458 1512 sub
1480 1480 1593 1523 poenis
1618 1482 1779 1515 contentis
1803 1483 1836 1516 in
1861 1494 1936 1517 con-

1205 1532 1425 1565 stitutionibus
1451 1543 1486 1565 ac
1510 1533 1605 1566 etiam
1632 1535 1794 1578 expressis
1820 1535 1851 1569 in
1869 1548 1936 1570 mo-

1206 1586 1375 1628 tuproprio
1402 1585 1547 1619 eiusdem
1572 1586 1695 1619 Summi
1714 1587 1875 1622 Pontificis
1893 1589 1936 1622 in-

1159 1664 1162 1665 ⁷
1205 1638 1343 1681 cipicnle
1372 1638 1452 1672 Cum
1478 1637 1515 1671 de
1539 1640 1689 1672 omnibus
1714 1641 1937 1675 ecclesiasticis

1204 1690 1383 1731 ordinibus,
1399 1696 1461 1724 etc.
1474 1691 1512 1724 Et
1526 1692 1662 1735 proinde
1677 1691 1755 1736 pro¹
1770 1694 1936 1728 renuncia-

1206 1744 1243 1775 tis
1258 1743 1378 1776 habere
1392 1745 1501 1777 volunt
1515 1745 1770 1779 modificationes
1786 1747 1937 1790 apostoli-

1204 1807 1254 1829 cas
1274 1796 1382 1830 favore
1404 1796 1562 1831 dictorum
1580 1797 1826 1841 illegitimorum
1854 1810 1935 1833 ema·

1204 1854 1303 1889 natas,
1328 1854 1359 1882 et
1385 1850 1630 1893 quomodolibet
1647 1851 1836 1894 publicatas,
1855 1852 1935 1886 itaut

1204 1903 1279 1935 huic
1303 1908 1433 1937 nostrae
1466 1902 1646 1937 definitioni
1681 1914 1716 1937 ac
1747 1905 1810 1947 legi
1842 1905 1934 1939 dero-

1204 1956 1269 1998 gari
1294 1961 1326 1988 et
1351 1956 1528 1999 dispensari
1554 1966 1620 1989 non
1646 1956 1762 1990 valeat.
1786 1958 1830 1991 Ac
1849 1958 1936 2002 pari·

1205 2009 1350 2043 formiter
1373 2009 1536 2053 acceptari
1562 2019 1629 2043 non
1654 2010 1770 2043 debeat
1793 2021 1854 2054 pro
1879 2022 1935 2045 no-

1205 2062 1280 2096 vitio
1306 2063 1413 2106 aliqua
1437 2072 1588 2106 persona,
1607 2073 1687 2106 quae
1714 2064 1849 2107 expulsa
1865 2064 1935 2097 sue-

1203 2116 1245 2149 rit
1269 2121 1323 2149 aut
1353 2116 1500 2158 ingressa
1525 2116 1556 2148 In
1581 2126 1814 2160 quamcumque
1839 2117 1933 2151 aliam

1202 2169 1416 2213 religionem,
1447 2170 1508 2202 etsi
1544 2179 1745 2213 quacumque
1778 2171 1933 2215 qualitate

1203 2233 1259 2256 seu
1285 2222 1509 2266 praerogativa
1532 2223 1698 2266 praeditus
1717 2234 1748 2256 ι.

1246 2278 1261 2321 g
1285 2276 1316 2309 ⁶2.
1343 2274 1418 2309 Cum
1444 2280 1560 2317 autem,
1586 2275 1667 2308 sicut
1691 2275 1804 2309 eadem
1836 2286 1935 2320 expo-

1202 2331 1274 2364 sitio
1299 2328 1535 2372 subiungebat,
1561 2333 1761 2372 exponentes
1797 2330 1933 2372 praefati

1202 2389 1355 2416 statutum
1379 2391 1436 2415 seu
1460 2382 1628 2415 decretum
1656 2381 1851 2423 huiusmodi,
1872 2393 1932 2426 pro

1203 2435 1334 2470 firmiori
1370 2434 1458 2468 illius
1484 2433 1709 2475 subsistentia,
1736 2435 1933 2478 apostolicae

1203 2488 1457 2523 confirmationis
1487 2492 1617 2520 nostrae
1643 2487 1822 2531 patrocinio
1846 2499 1934 2524 com-

1202 2541 1320 2576 muniri
1335 2550 1539 2583 summopere
1550 2539 1748 2573 desiderent:
1763 2551 1831 2581 nos,
1846 2541 1933 2585 ipsos

1239 2605 1248 2631 t
1273 2602 1419 2638 praeposit.
1437 2609 1491 2637 pro
1510 2608 1559 2629 nos
1579 2600 1701 2630 addimus
1719 2603 1755 2639 (a.
1776 2603 1826 2638 r.).

1949 215 1997 241 An.
2011 218 2038 243 Η.
2065 218 2128 245 ἰδ’-Ἢ

1972 437 2083 459 Decretum
2094 445 2127 460 cn·

1945 466 2043 491 pilulam.

1994 2283 2126 2304 Confirmafia

1945 2310 2007 2331 relati
2021 2310 2041 2331 d‹
2050 2310 2109 2333 croti.
