2254 3225
263 224 313 250 An.
334 224 363 250 c.
383 223 450 250 1692
495 214 559 248 478

457 274 505 313 ea,
529 277 561 305 et
585 281 620 306 ex
638 282 841 316 quacumque
867 271 973 311 causa,
990 271 1117 303 ratione
1137 274 1191 302 aut

456 331 632 367 praetextu,
645 327 847 368 contingeret
865 325 1053 367 religiosum
1071 333 1126 356 5011
1140 333 1191 355 10-

457 379 590 420 ligiosos
614 379 710 412 unius
735 390 771 412 ex
808 378 901 411 dictis
927 376 1191 419 Congregationi-

456 431 517 464 bus
543 433 582 465 ad
605 433 711 465 locum
737 442 792 464 seu
825 432 895 464 loca
926 431 1012 463 intra
1036 430 1190 463 terminos

458 485 588 518 alterius
614 483 881 527 Congregationis
910 483 1101 516 huiusmodi
1126 482 1191 515 exi-

458 538 575 571 stentia
599 547 744 580 pergere,
771 537 948 576 divertere,
974 536 1112 569 transire
1138 540 1192 569 aut

459 590 661 629 commorari,
687 590 731 622 ita
762 594 943 633 pergentes,
969 589 1189 629 divertentes,

459 648 664 676 transeuntes
689 648 744 675 aut
776 647 1014 675 commorantes
1046 642 1191 684 benigne

460 700 674 728 tractarentur
698 705 734 727 110
758 694 902 738 hospitio
937 694 1167 738 exciperentur
1182 720 1190 734 ,

460 758 588 781 necnon
614 747 816 791 superiorum
836 758 893 780 seu
918 748 1137 791 praelatorum
1154 746 1193 779 il-

459 801 520 833 lius
546 800 829 843 Congregationis,
857 800 943 832 intra
968 800 1058 832 cuius
1084 799 1193 832 termi-

461 863 520 885 nos
544 853 786 895 reperirentur,
813 851 1034 885 iurisdictioni
1060 857 1091 884 et
1115 852 1194 884 obe-

461 905 603 938 dientiae
629 905 661 937 in
687 905 838 938 omnibus
856 910 888 938 et
912 916 971 948 per
996 905 1105 938 omnia
1121 905 1194 937 sub-

461 958 607 991 iacerent
618 963 648 991 et
665 957 850 997 subessent,
863 968 899 990 ac
913 958 952 990 ad
968 968 1079 990 omnes
1098 957 1193 990 huius

461 1011 731 1054 Congregationis
763 1011 985 1044 observantias
1016 1015 1048 1043 et
1077 1010 1196 1043 consti-

462 1064 604 1096 tutiones
630 1068 829 1102 tenerentur,
851 1063 989 1106 perinde
1014 1073 1050 1095 ac
1066 1062 1092 1094 si
1111 1063 1196 1095 eius-

463 1117 536 1149 dem
562 1117 764 1160 professores
785 1116 978 1155 existerent,
1002 1116 1083 1148 itaut
1107 1115 1194 1148 illius

463 1169 625 1213 superiori
650 1174 815 1213 tamquam
840 1169 973 1212 proprio
997 1169 1144 1209 obedire,
1168 1179 1197 1202 e-

463 1224 579 1267 iusque
601 1223 784 1263 directioni,
810 1223 980 1265 gubernio,
1003 1222 1194 1263 visitationi,

463 1276 660 1310 correctioni
679 1281 712 1309 et
731 1276 892 1319 punitioni
914 1275 1082 1309 subiacere
1106 1280 1196 1308 tene-

464 1335 595 1369 rentur;
621 1329 691 1372 ipse
727 1339 806 1362 vero
838 1328 986 1371 superior
1010 1328 1107 1361 etiam
1138 1338 1198 1371 per

465 1381 613 1415 formalia
625 1387 801 1424 praecepta
813 1381 877 1414 illis
894 1381 1005 1414 iubere
1019 1386 1051 1414 et
1068 1381 1197 1414 eosdem

467 1435 622 1477 dirigere,
650 1434 843 1477 gubernare,
864 1434 1007 1474 visitare,
1029 1434 1197 1476 corrigere

467 1494 497 1521 et
525 1488 653 1531 punire,
669 1488 765 1521 etiam
782 1498 841 1531 per
855 1498 1018 1526 censuras,
1036 1492 1068 1519 et
1087 1492 1198 1519 contra

467 1552 523 1574 eos
540 1541 627 1574 iuxta
644 1551 774 1574 casuum
801 1541 1053 1583 contingentiam
1070 1541 1109 1573 ad
1126 1551 1198 1574 sen-

467 1595 584 1627 tentias
610 1599 642 1627 et
664 1604 787 1637 poenas
811 1594 844 1626 in
869 1594 956 1626 illius
972 1593 1199 1636 Congregatio-

468 1647 528 1686 nis,
554 1646 645 1679 cuius
669 1646 724 1679 ille
752 1645 904 1689 superior
928 1650 1020 1686 esset,
1046 1645 1200 1678 constitu-

467 1699 611 1732 tionibus
634 1698 852 1742 praescriptas
870 1699 1047 1742 procedere
1072 1704 1198 1742 posset,

469 1753 589 1784 adeout
601 1752 801 1795 professores
816 1751 920 1784 dictae
933 1751 1199 1794 Congregationis

469 1804 643 1847 Hispaniae
661 1804 746 1836 intra
764 1803 916 1837 terminos
934 1803 1200 1846 Congregationis

469 1855 578 1890 ltaliae
595 1856 799 1900 supradictae
816 1857 950 1900 reperti,
964 1856 1101 1900 perinde
1118 1867 1156 1890 ac
1173 1856 1199 1889 si

469 1910 508 1943 de
533 1909 792 1952 Congregatione
809 1909 919 1942 ltaliae
945 1909 1133 1943 huiusmodi
1151 1920 1201 1943 es-

469 1969 552 2004 sent,
578 1973 595 1996 e
620 1968 734 1996 contra
766 1973 842 1997 vero
873 1963 1072 2007 professores
1096 1964 1200 1996 dictae

469 2016 737 2059 Congregationis
750 2016 859 2049 Italiae
878 2017 962 2049 intra
976 2017 1133 2050 terminos
1148 2027 1200 2050 su-

469 2069 633 2114 pradictae
657 2069 922 2112 Congregationis
948 2069 1121 2113 Hispaniae
1145 2080 1201 2112 pa-

470 2122 549 2155 riter
565 2121 695 2165 reperti,
711 2122 845 2165 perinde
866 2133 902 2155 ac
920 2121 945 2154 si
968 2123 1006 2155 de
1025 2121 1201 2155 (1101013011-

470 2175 660 2218 gregatione
684 2175 858 2218 Hispaniae
883 2180 1001 2215 essent,
1027 2181 1090 2208 tam
1111 2175 1144 2208 in
1161 2176 1201 2208 fa-

470 2227 671 2261 vorabilibus
682 2238 776 2271 quam
791 2229 823 2260 in
844 2228 966 2262 odiosis
981 2228 1060 2270 (non
1076 2227 1199 2261 tamen¹

468 2281 578 2324 quoad
603 2280 853 2324 superioritates
881 2286 913 2314 et
937 2281 1064 2323 officia)
1090 2291 1201 2324 respe-

471 2334 555 2366 ctive
579 2333 798 2373 haberentur,
824 2335 991 2367 alerentur
1025 2339 1057 2367 et
1086 2339 1201 2367 tracta-

469 2392 592 2427 rentur,
607 2387 821 2420 conventione
847 2388 931 2421 inter
954 2388 1040 2431 ipsas
1065 2387 1201 2430 Congre-

471 2439 617 2482 gationes
629 2439 708 2472 facta
723 2439 767 2472 ita
783 2439 972 2473 observandi
987 2445 1019 2473 et
1037 2439 1201 2473 observari

472 2492 631 2532 faciendi,
656 2501 782 2525 necnon
814 2492 1039 2525 iurisdictione
1066 2492 1200 2525 vicissim

510 2607 521 2633 1
543 2605 611 2633 Edit.
635 2606 714 2634 Malu.
732 2606 795 2642 legit
812 2610 867 2634 tam
885 2615 933 2642 pro
955 2609 1047 2634 lamen
1064 2612 1100 2640 tu.
1118 2608 1165 2633 ri.

1032 223 1129 246 m'fLLA
1136 221 1212 245 nlttM
1236 221 1391 245 ROMANUM

1973 223 2021 248 An.
2038 223 2065 248 (ἶ.
2090 224 2153 249 1192

1233 270 1470 303 communicata
1495 279 1547 302 seu
1575 271 1739 310 translata,
1765 274 1796 303 et
1821 280 1962 303 commu-

1231 321 1367 354 nicatam
1394 332 1450 354 seu
1477 323 1662 354 translatam
1680 322 1820 355 vicissim
1842 322 1963 365 pariter

1232 376 1411 417 acceptata;
1431 380 1463 408 et
1486 375 1575 415 alias,
1593 380 1691 418 prout
1716 376 1749 408 in
1774 377 1961 408 eorumdem

1232 427 1491 460 definitoriorum
1526 433 1558 460 et
1591 428 1805 470 capitulorum
1832 439 1964 471 genera-

1232 480 1310 513 lium
1337 480 1475 513 decretis
1496 481 1638 524 desuper
1658 482 1813 515 emanatis
1830 483 1962 515 uberius

1233 533 1350 566 dieitur
1375 533 1549 567 contineri.

1275 585 1290 628 ξ
1313 585 1344 617 2.
1372 585 1448 618 Cum
1474 591 1594 626 autem,
1622 586 1705 619 sicut
1729 586 1840 620 eadem
1866 597 1964 630 expo·
2008 602 2084 623 preces
2107 608 2156 629 pro.

1233 637 1306 669 sitio
1332 637 1557 680 subiungebat,
1574 639 1608 671 in
1633 639 1747 672 iisdem
1772 633 2094 677 11011111101115ιῗέἷῖ1ἶίἷῖιῗ1
2121 636 2155 656 μ’

1234 695 1265 722 01
1289 690 1438 733 capitulis
1463 692 1672 734 generalibus
1691 703 1749 735 pro
1772 694 1966 736 praemisso-

1234 754 1302 775 rum
1327 743 1472 776 omnium
1497 743 1659 777 validitate
1681 750 1713 777 et
1733 744 1868 779 firmiori
1892 747 1965 780 sub-

1234 796 1377 829 sistentia
1400 797 1536 829 ulterius
1561 802 1712 830 statutum
1739 799 1847 839 suerit,
1876 800 1964 833 11111-

1233 850 1338 882 lorum
1362 849 1564 883 confirmatio
1590 851 1629 883 ab
1656 851 1716 884 11110
1741 854 1850 884 sancta
1881 852 1964 886 Sede

1234 902 1436 945 impetranda
1467 908 1569 935 esset:
1595 904 1687 936 nobis
1711 910 1888 947 propterea
1913 916 1966 938 ex-

1236 960 1393 997 ponentes
1427 956 1564 998 praefati
1602 956 1770 990 humiliter
1812 958 1965 1001 suplicari

1237 1008 1380 1040 fecerunt
1413 1013 1449 1039 ut
1483 1009 1515 1040 in
1561 1009 1744 1051 praemissis
1784 1017 1967 1054 opportune

1235 1060 1405 1102 providere
1431 1066 1462 1094 et
1485 1066 1519 1093 ut
1542 1061 1625 1094 infra
1648 1062 1815 1105 indulgere
1847 1064 1886 1097 de
1912 1064 1968 1098 be-

1236 1113 1393 1156 nignitate
1420 1115 1599 1157 apostoliea
1624 1115 1845 1158 dignaremur.

1280 1166 1294 1209 fi
1319 1166 1351 1199 3.
1374 1166 1437 1199 Nos
1456 1167 1562 1210 igitur,
1581 1168 1754 1210 specialem
1779 1169 1858 1212 ipsis
1872 1180 1967 1214 expo·
2027 1180 2159 1201 Confirmatio

1237 1219 1388 1252 uentibus
1423 1220 1558 1262 gratiam
1594 1221 1699 1254 facere
1735 1222 1905 1263 volentes,
1938 1208 2146 1256 etdssssssffiififfl'“

1238 1282 1349 1305 eorum
1374 1273 1554 1315 singulares
1579 1284 1736 1316 personas
1760 1286 1777 1307 a
1801 1276 1968 1318 quibusvis

1238 1326 1590 1365 excommunicationis,
1615 1327 1839 1370 suspensionis
1865 1333 1897 1361 et
1922 1329 1969 1361 in-

1238 1379 1383 1418 terdicti,
1409 1379 1548 1422 aliisque
1582 1380 1811 1413 ecclesiasticis
1837 1387 1969 1414 senten-

1240 1432 1311 1472 tiis,
1338 1432 1482 1464 censuris
1503 1437 1533 1464 et
1558 1433 1692 1475 poenis,
1718 1443 1736 1465 a
1761 1434 1830 1466 iure
1856 1435 1905 1467 vel
1930 1435 1969 1466 ab

1240 1484 1385 1525 homine,
1413 1484 1524 1527 quavis
1550 1485 1718 1518 occasione
1745 1487 1794 1519 vel
1820 1490 1910 1519 causa
1930 1488 1971 1520 111-

1240 1537 1288 1575 tis,
1323 1537 1347 1569 si
1378 1537 1493 1580 quibus
1528 1538 1772 1580 quomodolibet
1797 1540 1970 1572 innodatae

1239 1590 1386 1629 existunt,
1405 1591 1443 1622 ad
1465 1589 1612 1623 effectum
1637 1591 1859 1633 praesentium
1885 1593 1972 1625 dum-

1240 1648 1325 1675 taxat
1350 1644 1635 1686 consequendum,
1663 1644 1777 1677 harum
1802 1645 1884 1678 serie
1916 1647 1972 1678 ab·

1240 1697 1400 1729 solventes
1433 1702 1464 1729 et
1492 1697 1655 1729 absolutas
1688 1698 1757 1730 fore
1788 1704 1969 1738 censentes,

1241 1749 1428 1782 huiusmodi
1467 1750 1758 1793 supplicationibus
1801 1751 1968 1792 inclinati,

1241 1803 1463 1836 ordinationes
1487 1803 1649 1846 praefatas
1675 1803 1708 1836 in
1729 1803 1921 1837 definitoriis
1939 1809 1972 1837 et

1241 1855 1392 1898 capitulis
1417 1856 1623 1898 generalibus
1639 1856 1809 1899 utriusque
1833 1856 1972 1899 Congre-

1242 1909 1379 1951 gationis
1398 1909 1581 1942 huiusmodi
1601 1910 1710 1949 factas,
1727 1914 1762 1942 ut
1776 1910 1970 1953 praefertur,

1242 1967 1450 2005 emanataque
1468 1962 1609 2005 desuper
1626 1962 1755 1995 decreta
1779 1963 1971 2006 supradicta,

1242 2016 1432 2049 auctoritate
1458 2016 1648 2059 apostolica,
1679 2021 1790 2049 tenore
1819 2026 1973 2060 praesen-

1243 2069 1331 2108 tium,
1346 2068 1572 2101 confirmamus
1590 2073 1621 2101 et
1644 2069 1874 2111 approbamus,
1896 2069 1974 2101 illis-

1242 2132 1304 2165 que
1347 2120 1544 2153 inviolabilis
1582 2120 1780 2163 apostolicae
1815 2119 1972 2153 firmitatis

1241 2175 1342 2206 robur
1366 2173 1549 2212 adiicimus,
1576 2183 1612 2205 ac
1636 2183 1750 2205 omnes
1775 2178 1804 2205 et
1830 2173 1973 2215 singulos

1242 2227 1319 2259 iuris
1351 2231 1383 2259 et
1407 2226 1481 2258 facti
1506 2226 1670 2264 defectus,
1696 2225 1720 2257 si
1747 2225 1802 2268 qui
1833 2226 1973 2268 desuper

1242 2278 1488 2322 quomodolibet
1512 2278 1754 2317 intervenerint,
1770 2279 1968 2321 supplemus.

1286 2333 1300 2375 ξ
1325 2332 1356 2364 4.
1383 2332 1616 2370 Decernentes,
1636 2331 1765 2363 easdem
1778 2336 1972 2373 praesentes

1242 2385 1363 2418 litteras
1388 2393 1514 2427 semper
1531 2383 1648 2423 firmas,
1666 2382 1786 2416 validas
1812 2388 1845 2415 et
1868 2383 1973 2417 effica-

1243 2448 1297 2472 ces
1322 2437 1461 2470 existere
1486 2442 1518 2469 et
1541 2436 1622 2476 fore,
1642 2446 1782 2478 suosque
1808 2436 1973 2479 plenarios

1244 2496 1276 2524 et
1299 2491 1442 2532 integros
1468 2487 1599 2521 effectus
1624 2488 1732 2521 sortiri
1758 2494 1790 2521 et
1814 2488 1970 2529 obtinere,

1244 2555 1280 2577 ac
1298 2544 1373 2583 illis,
1395 2543 1433 2575 ad
1455 2552 1534 2585 quos
1555 2548 1680 2585 spectat
1697 2548 1728 2575 et.
1747 2552 1806 2586 pro
1828 2547 1972 2586 tempore

1245 2596 1410 2640 spectabit,
1432 2596 1464 2628 in
1482 2596 1629 2628 omnibus
1648 2602 1679 2628 et
1701 2606 1760 2638 per
1784 2596 1892 2629 omnia
1908 2596 1974 2638 ple·

2009 2338 2126 2360 clausulae.
