2227 3225
119 258 166 286 An.
183 257 211 285 C.
234 256 302 285 1698

179 319 294 343 Deru-galia

109 349 155 367 conl
161 353 272 368 rariorum.

348 305 363 349 ἓ
387 304 418 338 3.
452 303 522 337 Non
556 302 762 336 obstantibus
783 301 981 346 praemissis,
1010 311 1045 334 ac

305 355 592 392 constitutionibus
619 361 651 389 et
679 354 942 389 ordinationibus
968 364 1047 397 apo-

305 410 440 451 stolicis,
459 420 596 450 necnon,
613 415 774 452 quatenus
793 419 874 452 opus
901 408 950 447 sit,
970 407 1045 440 dicti

304 464 445 504 Ordinis,
463 463 558 497 etiam
582 464 781 501 iuramento,
799 461 1045 495 confirmatione

305 517 493 562 apostolica,
520 518 568 550 rel
595 517 709 561 quavis
734 508 888 549 firmitate
910 515 973 548 alia
998 525 1047 548 ro-

305 571 438 612 boratis,
460 571 584 603 statutis
606 576 638 604 et.
662 569 967 609 consuctudinilms,
985 568 1049 612 pri-

306 624 432 667 vilegiis
459 635 599 668 quoque,
618 623 753 657 indultis
778 628 808 655 ct
834 622 949 656 litteris
972 632 1050 665 apo—

305 679 429 713 stolicis
445 679 476 711 in
491 678 689 712 contrarium
704 677 958 721 praemissorum
974 687 1049 719 (μω-

307 732 488 766 modolibet
512 732 690 770 concessis,
720 729 920 764 confirmatis
946 735 977 762 et
1003 729 1051 762 in-

309 786 458 826 novatis3
493 786 613 829 quibus
645 785 796 818 omnibus
829 790 859 817 et
888 783 1048 826 singulis,

308 840 441 873 illorum
465 845 595 873 tenores
617 838 842 882 praesentibus
868 849 927 881 pro
954 838 1050 880 plene

308 899 340 927 et
365 893 567 926 sul'iicieuter
592 893 758 936 expressis
777 904 813 925 ac
832 892 869 924 de
892 891 992 924 verbo
1011 890 1049 923 ad

307 947 440 980 verbum
471 946 601 979 insertis
629 947 795 984 babentes,
823 945 887 978 illis
914 944 993 977 alias
1018 944 1050 976 in

308 1010 368 1034 suo
389 1001 507 1033 robore
537 999 773 1044 perinansuris,
792 999 830 1031 ad
856 997 1052 1041 praemisso-

311 1065 380 1087 rum
399 1053 563 1093 ell‘eetum,
596 1053 655 1086 bac
678 1053 745 1085 rice
778 1053 954 1091 dumtaxat,
977 1062 1050 1095 spe-

309 1107 436 1140 cialiter
457 1112 490 1140 et
511 1117 665 1150 expresse.
684 1107 898 1147 derogamus;
918 1104 1052 1138 ceteris-

310 1172 373 1205 que
399 1161 571 1194 contrariis
598 1160 868 1204 quibuseunupic.

354 1215 467 1247 Datum
493 1214 626 1254 Romae,
655 1214 739 1257 apud
770 1214 801 1246 S.
828 1213 956 1245 Mariam
983 1212 1049 1245 Ma⁰

310 1269 425 1309 iorem,
462 1268 519 1300 snb
555 1268 676 1300 annulo
703 1267 884 1305 Piscator-is,
914 1266 964 1299 die
993 1276 1051 1299 xxx

311 1323 437 1366 augusti
462 1331 637 1361 immeriti,
656 1320 861 1364 pontificatus
881 1319 982 1352 nostri
1003 1329 1052 1351 an-

310 1387 351 1410 no
375 1368 445 1410 vni.

346 1438 405 1465 Dat.
423 1437 468 1465 die
483 1436 516 1464 30
531 1436 637 1472 augusti
658 1436 739 1467 ¹008,
763 1435 859 1471 pontis.
877 1443 948 1462 auno
966 1441 1021 1462 riu.

614 1580 739 1613 CLXVI.

311 1662 532 1705 Confirmatur
576 1660 737 1694 decretum
784 1660 1054 1704 Cunyreyute'om‘s

355 1716 577 1759 episcoporum
601 1719 631 1748 et
656 1714 862 1757 regyalarimn
889 1725 951 1758 pro
984 1724 1054 1746 rase-

356 1769 483 1801 culione
499 1768 637 1801 alterius
657 1768 776 1800 decreti
800 1772 827 1800 ct
852 1768 1055 1800 constitutio-

356 1823 408 1855 nis
442 1822 614 1856 Clementis
639 1822 669 1855 X
699 1822 786 1854 circa
821 1821 1055 1854 alternativam

356 1876 537 1919 officiorum
577 1876 612 1908 in
645 1875 816 1919 provincia
860 1875 1056 1909 Cantabriae

357 1929 493 1964 Ordinis
510 1930 543 1963 S.
562 1930 593 1963 F
594 1930 732 1962 rancisei
749 1929 786 1961 de
805 1928 1019 1963 Observanlid
1036 1927 1054 1961 ¹.

488 2010 686 2038 Innocentius
707 2011 787 2044 Papa
802 2010 856 2037 XII
870 2031 877 2042 ‚

452 2056 488 2083 ad
509 2056 644 2082 futuram
669 2055 713 2082 rei
734 2055 916 2082 memoriam.

890 252 1097 277 tNNoOENTtt'S
1123 253 1165 276 ΧΗ
1189 253 1236 277 Pr.

1727 244 1790 276 8²17

1091 300 1251 343 exposito,
1280 299 1366 344 quod
1389 299 1479 342 <licet
1504 300 1536 333 in
1562 301 1729 343 provincia
1753 301 1832 334 Can-

1091 353 1216 386 tabriae
1242 353 1318 386 dicti
1345 352 1483 393 Ordinis,
1503 364 1585 396 qnae
1613 360 1753 396 quatuor
1778 365 1833 388 na-

1091 406 1242 445 tionibus,
1268 417 1385 449 nempe
1419 406 1577 445 Montana,
1611 407 1723 445 Alaba,
1750 406 1830 440 Gui-

1090 471 1213 504 puzcoa
1245 465 1276 493 et
1312 460 1446 505 Bizeaya
1484 465 1620 499 constat,
1648 460 1833 493 introducta

1092 519 1175 547 essct
1201 513 1390 547 alternatira
1416 513 1606 552 officiorum,
1635 513 1714 545 itaut
1741 513 1835 546 mini-

1092 573 1157 601 ster
1183 566 1393 611 provincialis
1419 577 1479 609 pro
1513 577 1578 599 uuo
1613 566 1751 599 triennio
1778 567 1835 599 eli-

1093 627 1223 664 geretur
1245 632 1281 653 ex
1307 623 1371 653 uua
1398 620 1557 653 dictarum
1584 620 1761 660 nationum,
1780 631 1835 653 eu-

1070 680 1160 730 istos
1192 686 1230 708 ex
1255 676 1367 714 altera,
1397 675 1508 718 sicque
1535 674 1719 708 alternatim
1751 674 1837 708 inter

1094 729 1224 762 easdem
1245 734 1384 772 (puttuor
1402 728 1561 767 nationes,
1581 739 1716 771 (piarum
1743 739 1838 771 quae-

1094 783 1173 816 libet
1198 793 1288 815 smun
1312 781 1516 815 definitorem
1537 782 1658 814 babere
1678 793 1750 814 cum
1771 781 1837 814 suis

1095 836 1295 879 guardianis,
1323 835 1513 875 lectoribus,
1542 835 1835 878 praedicatoribus,

1095 889 1238 929 vicariis,
1266 889 1473 922 confessariis
1499 888 1710 928 monialium,
1737 888 1838 930 magi-

1095 944 1168 976 stris
1183 943 1391 982 novitiorum,
1411 942 1631 986 euntibusque
1646 941 1717 975 aliis
1735 941 1837 975 solitis

1096 997 1210 1030 officiis
1227 996 1303 1029 dicti
1321 995 1461 1036 Ordinis,
1480 1007 1561 1039 quae
1579 995 1761 1039 aequaliter
1778 1005 1836 1038 pro

1097 1051 1242 1095 qualibet
1267 1050 1422 1083 dictarum
1456 1050 1626 1082 nationum
1660 1049 1692 1081 in
1724 1049 1838 1082 eadem

1097 1105 1266 1148 provincia
1285 1104 1570 1143 distribuerentur,
1588 1114 1623 1136 ac
1641 1101 1730 1143 alifis,
1749 1114 1839 1136 nem·

1097 1170 1135 1202 pe
1155 1159 1205 1192 die
1224 1169 1253 1192 xi
1271 1157 1468 1201 septembris
1486 1167 1636 1196 nncrxxt,
1660 1162 1839 1190 men'iorata

1096 1212 1309 1255 Congregatio
1352 1212 1565 1245 cardinalium
1616 1211 1839 1244 alter-nativam

1097 1267 1297 1305 huiusmodi,
1326 1276 1432 1309 quae,
1461 1270 1495 1297 ut
1520 1265 1746 1303 asserebatur,
1781 1274 1839 1307 per

1099 1326 1225 1363 tempus
1252 1319 1487 1362 quinquaginta
1516 1328 1675 1350 annornm
1702 1323 1733 1350 et
1758 1317 1840 1350 ultra

1100 1374 1128 1406 in
1156 1373 1238 1406 dicta
1265 1372 1430 1416 provincia
1457 1372 1495 1404 de
1517 1371 1723 1414 superiorum
1744 1381 1841 1413 gene-

1099 1427 1212 1460 ralium
1232 1436 1390 1459 consensu
1409 1424 1543 1468 pacifice
1562 1425 1646 1457 inter
1660 1424 1841 1467 praedictas

1099 1485 1236 1523 quatuor
1272 1479 1422 1512 nationes
1459 1478 1580 1511 serrari
1618 1482 1841 1516 consueverat,

1099 1533 1210 1566 itidem
1244 1533 1277 1565 in
1302 1531 1438 1574 singulis
1474 1530 1618 1564 eiusdem
1656 1530 1840 1574 provinciae

1099 1587 1248 1631 capitulis
1267 1586 1305 1619 de
1325 1592 1437 1619 cetero
1457 1585 1663 1619 celebrandis
1678 1596 1840 1628 persuum

1099 1642 1265 1674 decretum
1292 1641 1432 1683 desuper
1467 1644 1653 1672 emanatmn
1689 1638 1842 1682 relIgiose

1099 1695 1218 1728 servari
1244 1694 1466 1728 mandavisset
1490 1699 1521 1726 et
1545 1693 1780 1737 praecepisset,
1807 1704 1843 1725 ac

1099 1749 1238 1782 subinde
1274 1748 1377 1782 felicis
1417 1747 1654 1781 recordationis
1694 1747 1842 1780 Clemens

1100 1803 1184 1846 Papa
1210 1802 1235 1835 >L
1271 1802 1507 1845 praedecessor
1532 1807 1643 1834 noster
1676 1801 1843 1834 decretum

1100 1855 1285 1889 huiusmodi
1318 1865 1375 1898 per
1403 1865 1475 1887 suas
1507 1855 1654 1898 desuper
1684 1854 1716 1886 in
1746 1854 1842 1888 simili

1101 1910 1203 1942 forma
1227 1908 1336 1941 Brevis
1369 1908 1537 1951 expeditas
1571 1907 1696 1941 litteras
1731 1907 1844 1940 contir-

1100 1963 1231 2004 masset)
1249 1962 1464 1995 nibilominus
1484 1962 1568 2004 (cum
1593 1961 1677 1994 inter
1695 1966 1845 2005 spectan-

1101 2022 1148 2049 tes
1167 2016 1206 2048 ad
1227 2016 1342 2048 dietam
1358 2014 1524 2047 nationem
1543 2015 1581 2047 de
1597 2015 1732 2058 Bizcaya
1750 2025 1845 2058 quae-

1101 2071 1173 2104 dam
1191 2069 1418 2114 reperirentur
1443 2069 1541 2101 vallcs
1567 2069 1605 2101 de
1624 2068 1844 2108 Somorostro,

1838 252 1883 280 An.
1907 251 1933 277 (ἶ,
1960 252 2024 278 11:08

155 2136 300 2183 „3‚'gf‘⁰³ff⁵‘{
355 2127 414 2172 gi.
432 2127 552 2171 Nuper,
567 2138 625 2171 pro
640 2131 731 2170 parte
744 2127 851 2160 dilecti
867 2126 923 2160 filii
938 2126 1054 2170 Ioseph

115 2166 298 2237 iigijmmjsssjima
311 2182 350 2216 de
375 2183 421 2215 las
447 2182 608 2215 Barzenas
626 2181 730 2213 fratris
748 2176 898 2224 expresse
916 2180 1055 2224 professi

116 2222 301 2290 ἓιῖἔῖιίξιὲιιὲἓὲἶι
311 2235 440 2269 Ordinis
457 2235 617 2269 Minorum
637 2235 738 2267 sancti
759 2235 920 2268 Francisci
940 2235 978 2268 de
997 2235 1056 2268 Ob-

280 2285 285 2290 ’
312 2289 475 2323 servantia
500 2294 772 2332 nuncupatorum,
805 2287 1056 2331 Congregationi

1100 2124 1263 2167 Musques‚
1283 2123 1450 2166 Sopuerta,
1478 2128 1510 2155 et
1536 2122 1626 2163 aliae,
1654 2122 1846 2156 encartatio-

1101 2188 1157 2211 nes
1184 2178 1222 2210 de
1249 2177 1382 2219 Bizcaya
1407 2176 1585 2219 vulgariter
1617 2181 1844 2219 nuncupatae,

1101 2231 1139 2264 ab
1151 2229 1402 2263 immemorabili
1419 2236 1566 2273 tempore
1583 2229 1846 2272 exemptionibus

1101 2291 1132 2319 et
1156 2283 1439 2324 immunitatibus,
1471 2294 1548 2326 quas
1574 2284 1680 2326 sacros
1706 2289 1821 2316 vocant
1837 2311 1844 2324 ‚

310 2342 546 2376 venerabilium
573 2342 708 2374 fratrum
734 2347 923 2374 nostrorum
941 2341 1053 2374 sati.

312 2395 523 2428 cardinalium
546 2395 687 2438 negotiis
714 2401 744 2428 et
762 2394 1056 2428 consultationibus

314 2448 544 2493 episcoporum
570 2454 600 2482 et
625 2448 823 2492 regularium
850 2448 1058 2492 praepositae

349 2538 359 2562 1
375 2535 403 2563 ln
416 2541 500 2563 const.
511 2538 556 2564 ed.
567 2543 693 2571 tanmem,
704 2537 748 2564 die
760 2537 774 2562 'i'
787 2536 914 2568 ianuarii,
924 2535 1020 2571 pontif.
1031 2543 1057 2569 v,

315 2584 342 2607 et
361 2584 447 2607 const.
469 2580 535 2608 edit.
556 2588 703 2615 uncxcvm,
717 2581 759 2608 die
780 2582 795 2608 6
816 2581 944 2614 octobris,
962 2580 1055 2616 pontif.

313 2631 369 2657 vui,
390 2624 481 2659 agitur
500 2624 533 2651 de
553 2625 711 2653 alternative
730 2625 756 2653 in
773 2625 913 2662 provincia
932 2625 1059 2653 Ianuensi

314 2669 541 2701 Reformatorum.

1101 2339 1201 2383 ipsius
1239 2337 1382 2371 nationis
1419 2337 1457 2370 de
1484 2337 1618 2380 Bizcaya
1655 2337 1844 2379 gaudentes,

1102 2394 1237 2436 eiusque
1265 2391 1422 2435 gubernio
1445 2391 1627 2431 subiectae,
1647 2401 1682 2423 ac
1701 2391 1740 2424 ad
1758 2390 1845 2424 illius

1102 2445 1389 2489 congregationes,
1411 2444 1644 2488 dispositiones
1663 2449 1694 2476 et
1719 2444 1846 2477 ordina-

1103 2501 1210 2534 tiones
1236 2500 1464 2534 eonvenientes
1487 2510 1552 2532 non
1574 2509 1666 2531 secus
1685 2509 1720 2531 ac
1738 2504 1847 2531 cetera

1103 2554 1249 2588 eiusdem
1286 2554 1429 2587 nationis
1462 2553 1547 2595 loca)
1575 2551 1673 2595 aliqui
1702 2551 1845 2595 (tametsi

1103 2608 1208 2641 dictae
1241 2608 1341 2641 valles
1373 2607 1412 2640 ad
1445 2605 1644 2650 praedictam
1679 2605 1845 2638 nationem

1104 2661 1301 2702 Montanam‚
1326 2661 1392 2694 sive
1419 2660 1525 2704 quoad
1557 2658 1847 2703 participationem
