2227 3225
132 224 183 252 An.
205 224 232 250 C.
251 224 316 250 1694

154 2193 309 2216 Contrariorum

127 2220 245 2247 derogatio.

898 222 1104 247 INNOCENTIUS
1129 223 1172 246 KH
1196 225 1243 248 PP-

327 271 439 304 tumvis
469 271 604 303 iuridicai
640 275 671 303 et
704 270 910 313 privilegiata
942 273 1058 310 causa,

325 326 453 364 colore,
481 327 653 367 praetextu
689 326 719 356 et
751 322 874 366 capite,
901 323 998 356 etiam
1029 323 1062 355 in

324 387 461 420 corpore
481 376 561 409 iuris
586 376 711 417 clauso,
736 377 804 409 ullo
819 386 962 420 unquam
984 381 1062 408 tem—

323 439 405 474 pore
421 429 461 462 de
479 429 700 473 subreptionis
721 430 773 463 vel
790 429 993 472 obreptionis
1007 433 1062 462 aut

323 481 480 516 nullitatis
505 483 596 523 vitio,
623 488 677 516 aut
701 482 892 528 intentionis
916 487 1059 523 nostrae,

323 536 375 568 vel
395 535 553 569 interesse
571 535 761 569 habentium
779 535 967 575 consensus,
984 534 1061 567 alio-

323 599 385 633 que
411 589 557 632 quolibet
588 589 686 622 etiam
714 588 918 632 quantumvis
942 598 1059 630 magno

326 653 362 676 ac
383 642 511 676 formali
534 647 565 676 et
583 642 785 675 substantiali
799 642 928 674 defectu
944 641 1058 682 notari,

323 695 528 738 impugnari,
555 695 708 738 infringi,
736 695 769 727 in
800 694 1059 727 controversiam

322 748 480 790 revocari,
505 748 545 781 ad
571 748 727 781 terminos
752 747 831 780 iuris
862 747 983 787 reduci,
1004 758 1059 780 scu

323 800 477 834 adversus
502 801 575 834 illas
601 800 791 844 aperitionis
821 799 907 839 oris,
932 799 1058 832 restitu-

322 853 420 886 tionis
440 854 472 886 in
490 853 662 896 integrum,
686 853 813 887 aliudve
831 853 1057 896 quodcumque

321 907 412 948 iuris,
436 907 510 940 facti
533 909 583 940 vel
608 908 729 950 gratiae
754 906 934 940 remedium
958 906 1059 938 inten-

322 961 382 994 tari
407 962 457 994 vel
478 961 645 1005 impetrari
664 962 850 994 nullatenus
868 970 984 1004 posse,
1002 960 1056 992 sed

322 1015 453 1048 easdem
483 1020 674 1059 praesentes
709 1015 832 1048 litteras
864 1023 995 1057 semper
1028 1018 1059 1045 et

321 1073 482 1111 perpetuo
495 1067 625 1109 validas,
646 1067 766 1108 firmas,
786 1073 818 1100 et
835 1067 982 1100 efficaces
996 1066 1056 1098 exi·

322 1126 411 1154 stere
437 1126 469 1154 et
492 1121 572 1161 fore,
600 1131 738 1164 suosque
764 1121 929 1164 plenarios
956 1125 987 1153 et
1010 1120 1059 1152 in-

324 1179 432 1217 tegros
458 1174 590 1208 ell‘ectus
616 1174 724 1207 sortiri
742 1179 773 1207 et
793 1174 953 1213 obtinere,
975 1179 1006 1207 et
1020 1174 1058 1206 ab

323 1228 483 1269 omnibus,
498 1228 536 1260 ad
553 1238 633 1270 quos
646 1232 771 1270 spectat
788 1232 819 1260 ct
835 1237 894 1270 pro
914 1232 1058 1270 tempore

323 1281 597 1324 quandocumque
622 1280 798 1323 spectabit,
831 1280 1060 1313 inviolabiliter

322 1397 462 1430 eumque
485 1386 610 1419 iudices
631 1387 814 1419 ordinarios
832 1391 863 1419 ct
881 1387 1057 1429 delegatos,

322 1441 419 1473 etiam
445 1451 613 1473 causarum
637 1440 748 1483 palatii
774 1440 946 1483 apostolici
971 1440 1060 1473 audi-

323 1498 418 1533 tores,
444 1498 475 1526 et
499 1492 530 1526 S.
558 1493 595 1525 R.
619 1493 653 1525 Ε.
681 1492 872 1531 cardinales,
900 1492 996 1525 etiam
1021 1493 1059 1525 de

322 1547 420 1579 latere
437 1548 573 1589 legatos,
588 1556 716 1579 necnon
732 1545 882 1579 Gamerae
899 1547 1058 1589 praefatae

324 1599 562 1632 thesaurarium
598 1601 782 1641 generalem
816 1604 847 1631 et
869 1599 1060 1642 praesiden-

323 1657 370 1684 tes
395 1651 543 1692 clericos,
571 1652 816 1695 praefatumque
841 1652 874 1684 in
900 1652 985 1685 dicto
1010 1663 1060 1686 rc-

322 1715 385 1747 gno
417 1705 571 1737 nuncium
603 1709 635 1738 et
669 1705 888 1744 collectorem,
914 1705 1059 1749 aliosque

322 1768 546 1801 quoscumque
571 1757 717 1801 qualibet
741 1758 947 1799 auctoritate,
967 1769 1059 1802 prae-

323 1811 501 1844 eminentia
521 1816 552 1844 et
571 1815 732 1854 potestate
750 1811 920 1854 fungentes
941 1818 972 1844 ct
988 1812 1059 1845 fun-

322 1869 454 1904 cturos‚
485 1863 612 1896 sublata
644 1863 690 1895 eis
723 1869 755 1896 et
786 1874 899 1897 eorum
924 1865 1059 1898 cuilibet

322 1917 434 1960 quavis
458 1916 551 1949 aliter
574 1915 737 1949 iudicandi
765 1921 795 1949 et
818 1916 1057 1961 interpretandi

321 1970 496 2010 facultate,
526 1969 674 2013 *iudicari
701 1975 732 2002 et
763 1969 889 2002 definiri
915 1971 1055 2012 debere,

320 2023 448 2056 irritum
474 2033 604 2066 quoque
624 2028 655 2056 et
671 2023 775 2064 inane,
794 2023 819 2056 si
841 2033 935 2056 secus
960 2035 1060 2068 super

321 2076 373 2109 his
391 2086 408 2108 a
433 2086 602 2119 quoquam,
629 2076 770 2109 scienter
786 2078 836 2110 vel
859 2076 1057 2120 ignoranter,

321 2128 493 2171 contigerit
512 2129 678 2162 attentari.

364 2182 379 2224 g
400 2180 431 2214 8.
458 2182 529 2214 Non
554 2181 759 2215 obstantibus
788 2183 985 2226 praemissis,
1010 2195 1057 2225 ac,

321 2241 480 2280 quatenus
506 2246 587 2279 opus
605 2236 661 2276 sit,
681 2236 719 2269 de
737 2237 806 2270 iure
828 2237 974 2280 quaesito
992 2249 1057 2271 non

321 2288 479 2329 tollendo,
494 2288 632 2332 aliisque
651 2289 772 2322 nostris
792 2294 824 2323 et
841 2290 1057 2324 Cancellariae

320 2342 530 2385 Apostolicae
561 2343 699 2385 regulis,
727 2348 760 2376 et
784 2344 858 2387 piae
883 2346 1056 2378 memoriae

320 2396 514 2440 Symmachi,
541 2396 631 2429 Pauli
649 2397 683 2437 II,
698 2397 787 2431 Pauli
801 2398 837 2430 IV
854 2398 1057 2443 aliorumque

319 2449 541 2482 Romanorum
559 2449 750 2483 Pontificum
768 2452 1056 2494 praedecessorum

319 2507 501 2535 nostrorum
527 2503 566 2535 de
590 2503 687 2535 rebus
711 2503 872 2538 Ecclesiae
897 2516 961 2538 non
982 2506 1057 2539 alie-

319 2556 444 2595 nandis,
460 2560 492 2588 et
501 2556 649 2589 alienatis
661 2558 904 2600 recuperandis,
921 2569 956 2591 ac
969 2570 1058 2603 prae-

319 2609 375 2643 sati
401 2608 448 2641 Pii
472 2608 508 2641 IV
534 2609 573 2642 de
599 2610 721 2652 gratiis,
748 2612 983 2656 qualecumque
1009 2615 1057 2647 in-

388 2671 468 2699 Bull.
489 2672 571 2701 Rom.
592 2689 625 2694 -
648 2673 708 2702 Vol.
728 2674 787 2703 XX.
932 2677 964 2704 75

1107 276 1227 304 teresse
1260 271 1363 305 dictae
1378 272 1528 315 Gamerae
1555 277 1838 316 concernentibus,

1104 323 1189 357 intra
1223 329 1346 358 certum
1378 326 1457 358 inibi
1492 337 1680 369 expressum
1713 333 1838 372 tempus

1104 377 1298 410 exhibendis
1323 383 1355 411 et
1371 378 1594 420 rcgistrandis,
1611 380 1688 412 itaut
1707 382 1838 414 easdem

1103 435 1294 472 praesentes
1320 430 1445 463 litteras
1482 431 1603 464 ibidem
1629 432 1777 465 exhiberi
1808 440 1839 466 et

1102 481 1269 523 registrari
1296 493 1461 526 nunquam
1483 494 1615 518 necesse
1633 484 1682 525 sit,
1702 486 1839 528 aliisque

1102 535 1357 579 quibuscumque
1378 538 1569 580 apostolicis
1584 565 1592 579 ‚
1612 543 1644 570 et
1663 538 1694 570 in
1712 539 1841 582 provin-

1102 587 1236 621 cialibus
1262 594 1294 622 et
1318 590 1526 633 synodalibus
1553 591 1700 624 conciliis
1725 592 1839 632 editis,

1102 641 1308 684 generalibus
1338 644 1386 676 vel
1412 643 1616 686 specialibus,
1632 645 1840 678 constitutio-

1100 694 1197 727 nibus
1220 700 1251 728 et
1281 695 1555 738 ordinationilnis,
1581 707 1709 730 necnon
1735 699 1838 732 ecclc-

1101 747 1220 779 siarum
1237 748 1455 791 praefatarum
1476 760 1512 782 ac
1526 749 1740 784 Nunciaturae
1758 751 1839 784 Nea-

1100 800 1198 843 polis,
1225 802 1322 834 etiam
1347 802 1552 843 iuramento,
1587 803 1837 838 confirmatione

1100 855 1290 896 apostolica,
1307 857 1356 888 vel
1372 857 1483 900 quavis
1502 857 1654 890 firmitate
1668 858 1731 891 alia
1744 859 1838 892 robo-

1099 907 1196 948 ratis,
1226 908 1360 948 statutis,
1388 910 1511 949 usibus,
1532 911 1623 954 stylis
1647 917 1678 944 et
1702 922 1839 945 consue-

1101 960 1288 1001 tudinibus,
1312 961 1493 1004 privilegiis
1525 973 1667 1006 quoque,
1702 964 1838 998 indultis

1099 1023 1134 1045 ac
1160 1013 1275 1046 litteris
1300 1015 1499 1057 apostolicis,
1514 1016 1572 1049 sub
1599 1018 1767 1060 quibusvis
1793 1023 1838 1051 te-

1100 1067 1233 1100 noribus
1259 1073 1290 1100 et
1314 1068 1447 1109 sormiS,
1474 1080 1545 1102 culn
1578 1071 1836 1114 quilmscumque

1100 1120 1194 1152 etiam
1209 1121 1490 1163 dcrogatoriartnn
1513 1123 1734 1166 derogatoriis,
1751 1125 1838 1158 aliis-

1100 1184 1161 1216 que
1183 1173 1432 1215 efficacioribus,
1454 1176 1684 1209 efficacissimis
1703 1183 1735 1210 et
1750 1178 1838 1212 inso-

1100 1227 1165 1259 litis
1190 1227 1346 1260 clausulis
1379 1227 1582 1261 irritantibus
1614 1229 1750 1273 aliisque
1782 1231 1837 1264 (le-

1079 1279 1215 1332 icretis,
1250 1280 1283 1312 in
1309 1291 1427 1322 genere
1453 1282 1502 1314 vel
1527 1283 1559 1314 in
1585 1283 1710 1325 specie,
1738 1284 1836 1317 ctiam

323 1334 500 1374 observari,
515 1334 626 1377 sicque
644 1334 675 1366 in
695 1334 881 1376 praemissis
896 1344 956 1376 per
969 1333 1059 1376 quos-
1078 1337 1080 1348 ¹

1080 1397 1081 1435 i
1100 1385 1274 1425 similibus,
1300 1386 1394 1419 etiam
1409 1387 1684 1428 consistorialiter,
1703 1400 1738 1421 ac
1759 1390 1838 1423 alias

1100 1338 1198 1373 motu,
1225 1333 1359 1366 scientia
1385 1340 1416 1366 et
1440 1336 1610 1377 potestatis
1632 1337 1836 1379 plenitudine

1101 1438 1348 1481 quomodolIbet
1367 1439 1399 1471 in
1421 1441 1617 1473 contrarium
1643 1444 1839 1484 praemisso—

1101 1502 1171 1523 rum
1196 1493 1370 1532 concessis,
1393 1503 1428 1525 ac
1453 1493 1548 1525 etiam
1573 1495 1697 1537 pluries
1722 1496 1840 1528 confir-

1100 1544 1192 1577 matis
1210 1549 1243 1577 et
1259 1545 1419 1578 innovatis
1439 1552 1471 1579 et
1491 1548 1677 1589 approbatis
1694 1560 1700 1589 3
1719 1550 1838 1592 quibus

1101 1597 1253 1630 omnibus
1269 1603 1302 1630 et
1315 1598 1464 1641 singulis,
1490 1600 1615 1633 etiamsi
1634 1611 1692 1644 pro
1708 1601 1839 1635 illorum

1100 1650 1270 1684 sufficienti
1287 1651 1498 1694 derogatione
1518 1653 1555 1685 de
1573 1653 1636 1686 illis
1661 1665 1839 1698 eorumque

1101 1704 1174 1737 totis
1205 1704 1375 1738 tenoribus
1400 1706 1568 1748 specialis,
1594 1707 1763 1750 specifica,
1791 1709 1839 1741 in-

1101 1757 1239 1797 dividua,
1258 1767 1293 1790 ac
1311 1757 1350 1790 de
1372 1758 1470 1791 verbo
1488 1760 1525 1791 ad
1545 1760 1690 1801 verbum,
1703 1771 1767 1794 non
1785 1772 1839 1794 au-

1102 1817 1163 1844 tem
1180 1822 1241 1855 per
1253 1813 1414 1845 clausulas
1429 1814 1598 1855 generales
1612 1813 1698 1847 idem
1715 1814 1840 1858 impor-

1102 1870 1215 1905 tantes,
1232 1866 1355 1898 mentio
1374 1876 1430 1898 seu
1446 1866 1577 1909 quaevis
1595 1867 1657 1899 alia
1672 1868 1839 1911 expressio

1101 1918 1250 1951 habenda
1275 1923 1328 1950 aut
1348 1919 1456 1962 aliqua
1476 1919 1538 1952 alia
1557 1920 1715 1964 exquisita
1738 1921 1840 1954 forma

1100 1971 1139 2004 ad
1164 1971 1227 2004 hoc
1251 1971 1409 2004 servanda
1433 1972 1539 2013 foret,
1567 1978 1698 2006 tenores
1726 1973 1840 2007 huius-

1100 2024 1199 2064 modi,
1224 2034 1260 2057 ac
1283 2024 1309 2057 si
1335 2025 1374 2057 de
1398 2025 1496 2058 verbo
1523 2026 1561 2058 ad
1586 2026 1729 2067 verbum,
1755 2027 1839 2061 nihil

1100 2077 1231 2121 penitus
1257 2077 1389 2118 omisso,
1409 2083 1439 2111 et
1460 2078 1563 2111 forma
1583 2079 1615 2111 in
1640 2079 1704 2112 illis
1722 2080 1840 2114 tradita

1101 2131 1290 2171 observata,
1312 2130 1572 2174 exprimerentur
1603 2137 1635 2165 et
1657 2132 1840 2166 insereren-

1101 2189 1171 2224 tur,
1205 2184 1321 2217 iisdem
1345 2184 1576 2228 praesentibus
1600 2195 1659 2229 pro
1683 2187 1782 2229 plene
1808 2193 1839 2220 et

1101 2237 1301 2271 sufficienter
1325 2238 1486 2282 expressis
1507 2243 1538 2271 et
1557 2239 1690 2272 insertis
1714 2239 1840 2273 haben-

1102 2297 1158 2333 tes,
1177 2291 1238 2324 illis
1255 2291 1334 2324 alias
1354 2292 1387 2324 in
1404 2302 1461 2325 suo
1478 2292 1596 2325 robore
1610 2293 1837 2335 permansuris,

1101 2345 1139 2378 ad
1153 2345 1411 2388 praemissorum
1431 2344 1590 2387 effectum,
1609 2346 1724 2378 harum
1742 2347 1838 2389 serie,

1102 2399 1286 2443 specialiter
1318 2404 1351 2433 et
1386 2410 1558 2443 expresse,
1584 2401 1774 2443 plenissime
1806 2406 1838 2435 et

1102 2453 1298 2497 amplissime
1338 2453 1544 2496 derogamus,
1572 2458 1603 2486 et
1642 2454 1836 2496 derogatum

1101 2518 1171 2540 esse
1197 2508 1357 2547 volumus;
1380 2507 1562 2550 ceterisque
1587 2508 1757 2541 contrariis
1771 2508 1837 2552 qui-

1101 2563 1313 2605 buscumque.

1144 2615 1159 2658 g
1189 2614 1221 2648 9.
1256 2615 1409 2649 Volumus
1443 2620 1549 2652 antem
1579 2619 1614 2649 ut
1649 2615 1835 2650 earumdem
1845 2640 1883 2656 ,un

1739 218 1802 251 593
1848 226 1896 254 An.
1918 225 1946 253 c.
1965 226 2032 253 1694

1885 2607 1947 2628 Fides
1972 2610 2028 2630 trau·

1885 2637 1981 2661 iptorum.
