2254 3225
243 170 290 196 An.
308 169 335 195 (Ι.
361 171 420 196 totu
472 162 536 194 litt]
1008 179 1185 204 minutum
1213 178 1367 203 ROMANUM
1952 195 2000 222 An.
2019 197 2044 224 e.
2070 201 2132 227 459¹

436 219 509 259 culi,
526 221 581 254 sed
600 225 633 254 ut
657 232 715 265 per
734 223 939 258 Salomonem
959 228 1172 270 praecipitur:
1218 233 1321 272 post-na
1347 233 1451 274 gravis
1476 235 1600 278 culpae,
1625 247 1666 270 ne
1705 238 1787 272 hanc
1818 240 1952 277 honoris

435 272 602 316 Maynatis
623 275 768 309 humilia
793 282 891 321 capul
916 283 1017 320 tuum,
1040 285 1067 313 et
1089 291 1173 324 pres-
1216 284 1435 319 diversitatem
1457 293 1488 319 et
1513 289 1631 331 gradus
1656 290 1844 326 indistincte
1879 307 1952 339 per-

435 325 542 369 bylero
566 328 715 361 animam
734 333 843 364 luam:
865 336 901 364 ut
923 342 989 365 non
1019 334 1110 375 quasi
1133 335 1172 367 ad
1215 338 1374 371 misceant
1399 345 1429 372 et
1452 342 1659 383 confundant,
1692 346 1747 379 sed
1776 347 1952 392 unicuique

435 380 563 412 oculum
589 381 694 415 carnis
730 383 913 417 immodicis
939 386 1172 419 deflexionibus
1215 391 1299 432 quod
1325 402 1417 424 suum
1444 393 1540 426 fuerit
1568 395 1711 431 tribuant
1742 409 1814 431 cum
1833 400 1935 436 disere

434 433 557 466 idolum
581 435 729 468 vanitatis
755 438 862 470 colere
885 438 1088 477 videamur¹‚
1115 440 1171 472 sed
1216 442 1303 476 tione
1329 445 1506 486 praedicta.

435 487 531 529 quasi.
551 487 734 530 spirituales
759 490 843 522 alter
868 491 960 523 alteri
994 502 1029 523 cx
1063 492 1171 524 animo
1259 506 1280 528 1.
1308 496 1385 529 Cum
1409 499 1516 531 omnia
1537 505 1568 532 et
1585 502 1721 544 singula,
1744 508 1874 548 quaein
1899 509 1949 542 his
1973 521 2129 546 CAPthPINALz.

434 540 511 571 vera
536 541 653 573 mentis
681 541 863 575 humilitate
889 554 922 575 se
949 544 1110 576 subiiciat.
1215 550 1503 585 constitutionibus
1528 556 1718 590 auctoritate
1744 564 1776 591 et
1801 560 1950 597 facultate
1962 549 2142 600 ‹fdt'ss-ii‘ffl‘ssfif‘ssfl

476 601 526 624 xv,
554 591 615 625 Sed
640 598 674 625 ut
707 594 738 626 in
769 594 838 627 istis
870 600 986 627 nietam
1021 596 1172 629 fratribus
1214 603 1394 643 apostolica
1412 631 1419 643 ,
1448 610 1482 636 ut
1512 605 1604 640 initio
1640 612 1850 651 praemissum
1877 606 2142 678 est‚2³i2:¹¹ia³n=¹'s1i⁴''r¹3iss

1974 661 2007 674 ua
2031 662 2092 681 ΙΙΙΙιΙΠΙ
2130 665 2141 678 Π

432 649 607 678 statuamus
640 646 724 679 iuxta
756 648 926 690 qualitates
957 659 1171 692 personarum
1214 654 1438 697 ordinavimus,
1453 660 1500 691 vel
1513 659 2142 708 novatextura,expositione{ansianumiaiua

1960 707 2065 730 utitinam.

432 697 576 737 Ordinis,
602 698 647 731 sic
671 709 724 731 eas
739 700 867 732 tractari
886 702 1114 744 praecipimus,
1139 708 1172 735 ut

432 749 492 782 soli
514 750 680 792 magistro,
704 756 745 790 et,
762 752 835 795 ipso
854 753 1032 794 deficiente,
1051 754 1170 788 vicario

433 802 578 844 generali
604 804 699 836 totius
724 804 854 838 Ordinis
886 806 996 839 titulus
1028 807 1171 850 paterni-

432 855 505 887 tatis
527 856 820 890 reverendissimae
838 858 1011 892 deseratur.
1034 860 1170 903 Expleto

432 912 537 940 tamen
559 909 676 949 officio,
695 910 776 942 nulli
791 910 909 944 vicario
921 913 1095 955 praedicto,
1110 914 1169 947 sed

431 965 552 993 tantum
579 962 722 1003 generali
747 962 893 997 absoluto
918 966 1098 1008 praefatum
1130 967 1168 999 ti-

430 1013 488 1046 tuli
520 1014 679 1047 honorem
716 1016 899 1049 continuari
934 1019 1164 1060 permittimus.

429 1065 682 1100 provincialibus
707 1074 814 1101 autem
841 1074 873 1102 et
896 1070 1024 1104 vicariis
1041 1073 1167 1114 provin-

429 1119 565 1153 cialibus
596 1120 757 1164 sociisque
799 1123 944 1166 magistri
984 1125 1164 1159 actualibus

427 1173 588 1206 honorem
621 1175 823 1217 paternitatis
857 1178 1055 1211 reverendae
1091 1190 1165 1212 con-

426 1226 583 1259 cedimus.
611 1226 874 1270 Exprovinciales
906 1240 997 1271 vero,
1028 1231 1162 1265 vicarios

425 1279 592 1319 generales
614 1279 743 1313 Ordinis
764 1282 943 1325 absolutos,
970 1290 1002 1316 et
1028 1295 1082 1318 eos
1107 1287 1160 1329 qui

424 1342 482 1374 per
507 1332 586 1365 duos
611 1343 712 1366 annos
737 1334 848 1367 vicarii
874 1336 1091 1378 provinciales
1110 1348 1162 1372 ex-

424 1384 562 1425 titerint,
589 1391 620 1418 et
651 1386 759 1419 socios
782 1388 926 1430 magistri
951 1390 1156 1433 praedictos,

424 1438 479 1480 qui
504 1448 562 1481 per
583 1438 755 1472 trienninm
789 1440 869 1474 haee
892 1453 1027 1476 munera
1052 1444 1160 1478 subie-

422 1489 495 1529 rint,
521 1494 618 1534 atque
639 1491 733 1524 etiam
760 1493 995 1528 commissarios
1020 1501 1051 1529 et
1087 1497 1159 1530 visi-

423 1547 543 1576 tatores
566 1548 628 1576 tam
646 1546 816 1587 generales
829 1557 924 1590 quam
942 1549 1158 1591 provinciales

421 1595 497 1628 dum
522 1601 596 1628 sunt
621 1596 653 1628 in
678 1598 794 1631 actuali
820 1609 964 1641 munere,
979 1612 1044 1634 non
1070 1603 1157 1636 dissi-

420 1647 542 1680 militer
566 1659 765 1683 reveremur.
793 1651 935 1686 Vicarios
958 1665 1033 1688 vero
1059 1666 1157 1698 gene-

418 1701 502 1733 rales
526 1701 773 1744 provinciarum,
799 1709 861 1737 tam
886 1708 1039 1747 actuales,
1060 1720 1155 1752 quam

418 1753 590 1793 absolutos,
618 1754 700 1787 hanc
716 1757 863 1790 camdem
888 1760 1102 1794 reverentiam
1122 1767 1155 1795 et

418 1806 544 1839 titulum
570 1806 691 1840 habere
717 1808 931 1845 decernimus.

460 1869 522 1892 xvi.
540 1859 705 1902 Magistros
723 1860 857 1906 insuper
870 1870 902 1897 et
918 1872 1151 1909 praesentatos,

417 1916 510 1954 atque
535 1911 630 1944 etiam
656 1913 794 1947 lectores
819 1915 982 1958 iubilatos,
1010 1920 1063 1962 qui
1088 1921 1151 1955 iam

415 1964 522 1997 omnia
546 1964 663 1998 merita
687 1977 747 2009 pro
775 1968 930 2010 magistro
955 1972 1151 2016 adimpleve—

1214 712 1270 738 aut
1293 709 1487 743 omissorum
1517 713 1682 748 additione
1715 716 1747 748 in
1781 720 1949 756 meliorem

1215 759 1348 793 formam
1375 763 1570 805 redegimus,
1592 766 1635 800 ita
1666 774 1791 803 mature
1817 778 1849 805 et
1873 786 1950 808 con-

1213 813 1296 846 sulto
1322 814 1501 849 deliberata
1519 818 1593 859 sint,
1612 825 1647 852 ut
1665 821 1746 855 nihil
1764 823 1796 856 in
1817 825 1882 859 illis
1902 828 1949 861 in-

1212 866 1361 898 veniatur
1386 868 1481 901 etiam
1514 871 1731 915 levissimum,
1763 879 1848 919 quod
1883 891 1948 915 non

1213 917 1310 950 fuerit
1335 920 1373 952 ad
1399 923 1637 958 severissimam
1664 928 1789 962 lancem
1825 937 1857 964 et
1883 939 1948 966 tru-

1211 970 1308 1003 tinam
1335 979 1536 1016 revocatum;
1564 979 1643 1011 nulli
1673 987 1846 1024 propterea
1879 986 1947 1019 lici-

1210 1027 1275 1055 tum
1301 1025 1397 1057 debet
1415 1037 1483 1060 esse
1505 1029 1679 1073 quidquam
1698 1043 1757 1075 pro
1775 1046 1834 1069 suo
1855 1038 1946 1073 libito

1209 1081 1345 1117 mutare,
1373 1079 1507 1122 addere,
1534 1083 1583 1115 vel
1608 1084 1774 1128 minuere;
1802 1089 1867 1123 imo
1894 1093 1945 1125 de-

1207 1128 1388 1163 finitoribus
1412 1134 1620 1174 generalibus
1652 1139 1784 1173 omnino
1813 1141 1947 1178 interdi-

1205 1181 1318 1223 cimus,
1349 1189 1406 1222 ut,
1434 1196 1516 1228 quae
1542 1189 1733 1225 auctoritate
1768 1197 1944 1237 apostolica

1204 1235 1393 1269 confirmata
1415 1238 1465 1271 vel
1490 1241 1664 1276 constituta
1688 1244 1821 1289 suerint,
1854 1251 1943 1284 nulla

1204 1287 1328 1322 ratione
1348 1289 1535 1333 destituant,
1552 1304 1660 1338 neque
1687 1298 1775 1339 actis,
1794 1301 1942 1344 decretis,

1202 1345 1257 1372 aut
1287 1343 1457 1376 contrariis
1488 1344 1774 1384 inchoationibus¹
1801 1353 1939 1396 deleant,

1202 1393 1259 1425 sed
1274 1393 1335 1427 ista
1350 1394 1483 1429 immota
1500 1399 1699 1443 relinquant,
1715 1408 1749 1436 ut
1766 1406 1879 1440 malint
1895 1413 1940 1442 to-

1202 1446 1305 1479 lerare
1329 1448 1378 1481 vel
1396 1451 1644 1492 quomodolibet
1670 1465 1833 1499 exponere
1857 1471 1938 1503 quae

1201 1498 1304 1532 minus
1344 1511 1488 1544 congrue
1519 1504 1668 1540 ordinata
1699 1520 1758 1552 pro
1792 1517 1937 1557 tempore

1199 1557 1387 1594 appareant,
1406 1565 1510 1597 quam,
1529 1559 1657 1601 saepius
1675 1561 1857 1598 innovando
1873 1571 1938 1600 tex-

1199 1608 1276 1645 tum,
1304 1611 1429 1649 turpem
1455 1608 1699 1646 instabilitatem
1721 1618 1933 1654 committere.

1241 1667 1277 1691 11.
1300 1658 1390 1698 Quod
1408 1661 1432 1693 si
1448 1668 1584 1706 propter
1602 1665 1840 1704 vicissitudines
1859 1677 1935 1706 tem-

1196 1720 1310 1753 porum
1339 1723 1514 1758 rerumque
1539 1719 1733 1754 mutationes
1759 1723 1866 1768 aliqua
1886 1726 1934 1759 in-

1196 1764 1307 1797 novari
1332 1775 1390 1798 seu
1415 1768 1534 1801 mutari
1553 1780 1687 1806 necesse
1705 1775 1758 1815 sit,
1778 1776 1833 1809 fiat
1854 1789 1933 1812 sem-

1195 1826 1254 1858 per
1277 1817 1347 1851 sine
1372 1818 1609 1857 deformatione
1634 1824 1818 1862 huiusmodi
1844 1842 1932 1865 com-

1194 1868 1375 1912 pilationis,
1412 1882 1472 1915 per
1495 1876 1692 1921 modumque
1717 1882 1929 1924 expositionis

1194 1921 1460 1966 dispensatoriae,
1475 1936 1547 1960 cum
1572 1929 1779 1967 distinctione
1800 1945 1817 1967 a
1842 1941 1927 1970 textu

1192 1980 1224 2008 et
1259 1976 1299 2009 ad
1333 1979 1453 2011 calcem
1487 1981 1602 2024 capitis
1633 1985 1772 2028 additae,
1802 1992 1928 2024 servata

414 2016 501 2057 rint,
534 2018 759 2060 paternitatem
785 2021 905 2056 habere
930 2027 1146 2062 concedimus.
1191 2037 1321 2072 semper
1345 2030 1530 2074 integritate
1556 2035 1656 2069 illius.

413 2069 488 2102 ltem
514 2072 805 2113 commendatores,
833 2074 1020 2112 definitores
1038 2083 1069 2114 et
1085 2082 1149 2115 ele·
1167 2049 1172 2115 l

1233 2091 1281 2115 111.
1307 2082 1369 2116 Sed
1394 2090 1428 2117 ut
1453 2086 1549 2119 etiam
1574 2088 1606 2121 in
1632 2089 1699 2123 istis
1732 2102 1798 2126 non
1831 2095 1925 2130 latius

411 2126 517 2155 ctores
542 2124 722 2165 generales,
745 2125 932 2162 definitores
950 2132 1145 2176 provinciae,
1166 2118 1295 2177 {pateat
1319 2138 1538 2173 constituendi
1564 2147 1594 2174 et
1623 2143 1764 2179 addendi
1794 2149 1843 2182 vel
1879 2150 1925 2184 in-

411 2175 543 2218 eiusqne
567 2177 770 2219 secretarios,
796 2183 826 2213 et
850 2191 963 2216 omnes
995 2195 1146 2228 procura-
1187 2188 1324 2221 novandi
1353 2189 1502 2233 libertas,
1529 2194 1695 2238 antiquam
1719 2201 1924 2237 constitutio-

409 2233 497 2261 tores
521 2230 691 2271 generales
707 2236 738 2263 et
753 2233 979 2277 provinciales
999 2238 1143 2274 eiusdem
1185 2251 1258 2273 nem
1284 2242 1485 2277 strictissime
1504 2245 1670 2282 observari
1687 2254 1918 2298 praecipimus,

410 2281 494 2314 tituli
520 2287 622 2319 sunto,
638 2284 789 2325 quamdiu
814 2286 920 2320 officia
943 2293 1141 2335 peregerint,
1183 2299 1218 2327 ut
1242 2294 1273 2327 in
1296 2296 1483 2338 praemissis
1504 2299 1586 2334 nihil
1613 2303 1752 2338 addatur
1781 2313 1836 2341 aut
1868 2321 1921 2354 ap-

410 2334 533 2367 etiamsi
558 2334 615 2367 illo
640 2335 770 2369 aliunde
796 2348 862 2371 non
887 2341 1059 2382 gaudeant.
1086 2345 1142 2379 Re·
1183 2351 1329 2391 ponatur,
1348 2350 1444 2383 modo
1461 2351 1556 2385 etiam
1585 2357 1760 2399 praedicto,
1780 2360 1843 2394 nisi
1860 2373 1919 2406 per

408 2386 515 2430 liquos
538 2397 614 2420 vero
629 2387 752 2429 tratres,
770 2390 963 2436 quicumque
982 2395 1054 2437 sint,
1072 2399 1140 2433 solo
1182 2400 1242 2433 tria
1267 2401 1408 2445 capitula
1433 2406 1596 2446 generalia
1622 2411 1777 2445 continuo
1798 2424 1923 2454 succe&

408 2439 606 2473 reverentiae
623 2441 753 2475 nomine
770 2446 983 2487 appellandos
1000 2459 1068 2483 esse
1088 2462 1140 2484 or·
1180 2452 1247 2486 siva
1271 2453 1367 2487 suerit
1392 2457 1621 2500 approbatum,
1655 2468 1709 2495 aut
1738 2465 1832 2500 etiam
1858 2479 1916 2511 per

408 2493 565 2526 dinamus.
591 2492 727 2527 Caveant
765 2501 872 2530 autem
903 2509 1038 2543 omnes,
1075 2505 1137 2538 sub
1179 2515 1278 2539 unum
1304 2517 1320 2539 a
1345 2507 1426 2541 Sede
1458 2509 1643 2553 Apostolica
1672 2517 1910 2564 confirmatum,

442 2554 454 2582 1
476 2553 546 2581 Edit.
566 2554 645 2583 Maia.
666 2555 730 2591 legit
750 2557 896 2586 videamus
914 2559 951 2590 (n.
969 2561 1017 2597 T.).
1214 2568 1223 2593 1
1248 2566 1350 2595 Forsan
1372 2569 1605 2601 innovationibus
1623 2575 1664 2609 (a.
1681 2576 1729 2611 ι),
