2227 3225
132 192 180 216 Λη.
203 190 232 216 C.
253 191 320 217 11‘95

156 358 186 378 De
196 358 310 384 prioribus.

161 835 190 855 nn
213 834 308 860 collegiis

124 865 249 891 praesertim
267 863 306 883 Pa·

124 894 216 910 [meust.

324 248 439 272 censes
463 242 516 270 aut
540 236 681 279 capitula
707 234 872 277 generalia
892 234 938 266 sic
963 234 1062 267 duxe-

324 292 391 324 rint
414 291 453 324 de
478 290 517 322 iis
542 288 794 332 disponendum.

367 354 396 376 x.
436 342 554 375 Omnes
578 341 706 385 priores
738 341 929 374 claustrales
953 340 986 372 in
1011 349 1061 373 ca-

321 396 434 440 pitulis
459 395 668 439 generalibus
700 400 757 428 aut
785 395 1062 429 conservabuntur

322 455 377 483 aut
412 450 629 483 destituentur
644 476 651 490 ‚
677 454 777 496 pro-ut.
801 448 987 482 definitores
1011 448 1060 480 iu-

322 503 502 537 dicaverint
535 513 591 536 eos
629 502 749 536 debere
785 507 840 535 aut
875 501 1060 535 conservari

320 562 375 590 aut
400 556 546 590 destitui.
573 556 612 590 Et
635 556 661 590 si
693 555 794 600 aliqui
826 561 910 589 stare
941 555 1059 589 iudicio

320 609 529 643 definitorum
575 609 745 642 renuerint
763 636 770 649 ,
813 608 1060 641 eminentissimi

320 663 458 703 abbatis,
483 662 537 706 qui
562 673 650 695 nunc
669 667 730 702 est,
757 667 810 694 aut
834 672 1060 694 successorum

320 716 473 749 abbatum
495 715 689 759 interposita
713 715 920 755 auctoritate,
949 715 1004 748 tali
1025 725 1058 748 se

319 769 440 803 iudicio
465 769 626 802 subiicere
651 770 902 812 compellentur.

362 833 407 856 xl.
426 822 586 856 Statutum
610 827 659 855 est
682 821 979 855 administrationes
999 823 1060 855 col—

317 875 477 918 legiorum
513 875 665 916 Ordinis,
699 879 731 908 et
760 875 935 919 praecipue
961 876 1059 909 colle-

318 929 361 972 gii
392 929 584 962 Parisiensis
617 928 657 961 de
693 939 756 972 quo
788 939 875 961 nunc
910 929 1058 972 provisus

318 987 367 1015 est
384 981 534 1015 dominus
551 980 733 1014 Ludovicus
747 981 888 1020 Moreau,
905 982 958 1024 qui
978 981 1057 1014 illud

317 1033 473 1076 provide,
498 1033 638 1066 solerter
674 1038 706 1066 et
736 1033 897 1075 sagaciter
921 1033 1003 1065 rexit
1027 1040 1058 1066 et

317 1085 521 1127 gubernavit,
534 1095 599 1119 non
618 1096 688 1118 esse
707 1086 862 1129 deinceps
881 1086 913 1118 in
930 1086 1057 1119 titulum

317 1138 467 1171 beneficii
489 1139 704 1172 conserendas
721 1145 774 1171 aut
791 1140 1056 1180 committendas3

317 1192 372 1224 sed
393 1197 466 1235 post
491 1191 613 1225 obitum
638 1192 778 1232 illorum,
798 1193 914 1236 quibus
941 1193 978 1226 de
1002 1193 1057 1226 iis-

317 1245 390 1278 dem
416 1245 449 1277 in
475 1244 601 1278 titulum
626 1246 792 1288 provisum
818 1247 885 1285 suit,
911 1246 944 1278 in
971 1258 1057 1279 com-

316 1298 508 1331 missionem
535 1303 567 1331 et
595 1298 778 1341 simplicem
805 1300 1057 1333 administratio-

316 1362 390 1384 nem
426 1357 506 1385 nutu
538 1351 663 1384 abbatis
689 1351 911 1385 Cluniacensis
938 1353 1056 1386 amovi-

314 1404 414 1438 bilem
432 1405 646 1445 reducendas,
664 1410 764 1448 prout
788 1405 851 1438 iam
870 1406 1054 1439 ordinatum

912 186 1120 211 rxxocntht's
1145 189 1160 211 X
1167 189 1188 211 Π
1212 189 1259 213 Y'P.

314 1457 371 1489 suit
396 1457 429 1490 in
453 1457 596 1500 capitulo
621 1458 766 1498 generali
791 1459 867 1491 anni
893 1469 971 1492 nnc.
999 1459 1054 1492 Cui
1075 1486 1076 1500 ,

314 1510 444 1553 quidem
469 1510 601 1543 decreto
627 1511 713 1543 idem
741 1512 879 1544 domnus
918 1512 1077 1560 Ludovig

313 1573 368 1596 cus
386 1563 517 1596 Moreau
533 1568 668 1606 propter
684 1564 807 1597 bonum
826 1564 955 1598 Ordinis
982 1576 1056 1598 con·
1076 1583 1077 1586 κ

312 1616 424 1656 sensit,
441 1619 478 1649 ea
495 1621 603 1649 tamen
621 1617 705 1659 lege,
722 1623 765 1658 ut,
781 1618 840 1650 sub
854 1619 945 1652 nullo
963 1629 1056 1662 prae-

311 1674 412 1710 textu,
439 1670 542 1712 possit
578 1669 647 1702 eius
677 1671 741 1703 vita
765 1671 902 1704 durante
930 1673 1053 1705 turbari

312 1722 345 1755 in
386 1723 668 1756 administratione
709 1725 870 1758 bonorum
910 1726 1053 1758 eiusdem

313 1776 456 1818 collegii.
490 1775 579 1813 Quod
613 1787 726 1810 omnes
753 1778 988 1820 approbamus,
1013 1780 1053 1812 ob

313 1829 473 1871 cognitam
500 1829 644 1862 eiusdem
672 1830 734 1862 iam
767 1831 798 1862 in
832 1830 951 1864 Ordine
983 1832 1054 1866 Clu-

312 1881 456 1914 niacensi
493 1881 526 1914 in
563 1883 661 1915 rebus
697 1883 832 1925 agendis
863 1890 894 1916 et
919 1885 1054 1917 admini-

313 1934 455 1973 strandis
475 1935 571 1968 bonis
595 1936 725 1978 collegii
751 1937 917 1969 solertiam
943 1943 973 1970 et
991 1939 1054 1970 sin-

312 1989 457 2030 gularem
481 1988 733 2031 providentiam.
759 1989 803 2022 De
830 2001 892 2033 qua
918 1990 945 2023 ei
969 1996 1052 2023 totus

311 2039 396 2074 Ordo
423 2041 522 2074 debet
547 2041 667 2084 gratias
691 2043 887 2086 rependere,
913 2050 945 2076 et
966 2045 1053 2087 capi-

311 2095 413 2128 tulum
432 2096 584 2137 generale
603 2096 795 2138 gratulatur.
815 2096 854 2129 Ut
875 2097 1052 2131 faciliorem

311 2153 344 2181 et
367 2149 622 2182 commodiorem
648 2149 680 2181 in
711 2150 879 2192 praedicto
910 2152 1051 2193 collegio

309 2201 483 2236 parisiensi
497 2201 699 2235 mansionem
716 2203 883 2236 inveniant
899 2205 1049 2237 monachi

309 2252 447 2294 Ordinis,
474 2255 530 2298 qui
564 2255 603 2287 ad
634 2255 716 2288 illud
749 2256 930 2290 studiorum
956 2261 1071 2299 causa

310 2307 493 2347 mittantur,
508 2307 690 2349 statuimus,
702 2313 892 2352 ut,praeter
908 2311 1048 2354 priorem

309 2370 366 2393 seu
400 2361 699 2394 administratorem
730 2363 871 2406 collegii,
906 2370 938 2396 et
969 2365 1048 2398 alios

1102 235 1163 267 sibi
1190 247 1368 279 reservare,
1388 245 1428 280 et,
1447 243 1500 284 qui
1521 243 1592 276 illas
1615 245 1763 279 obtinent
1788 253 1842 281 aut

1101 287 1320 331 obtinuerunt,
1345 293 1499 327 secedere
1522 301 1692 330 teneantur
1717 300 1747 331 in
1773 311 1842 334 mo-

1101 343 1254 383 nasteria,
1281 343 1313 376 in
1346 345 1462 387 quibus
1488 349 1611 382 ratione
1637 361 1770 385 suorum
1795 353 1842 386 os-

1102 393 1249 428 fictorum
1274 403 1328 430 aut
1351 399 1587 434 beneficiorum
1612 403 1733 437 debent
1753 417 1841 440 com-

1101 459 1234 482 morari.

1740 189 1804 222 ⁶80
1850 200 2034 232 An.c.1695

1146 513 1204 537 ΧΠ.
1242 503 1318 537 Cum
1355 504 1441 539 Ordo
1478 507 1702 543 Cluniacensis
1738 513 1841 555 magis
1864 528 2033 557 „nomenmo-

1102 555 1242 590 Gallicae
1267 558 1429 592 nobilitati
1456 561 1574 595 debeat
1592 574 1687 606 quam
1706 560 1888 608 quilibet¹¹¹⁵
1903 555 2012 576 ⁰⁰¹¹¹¹¹¹¹¹''‘

1102 609 1182 643 alius
1203 610 1288 644 Ordo
1304 638 1311 651 ,
1339 617 1493 647 statutum
1519 621 1567 649 est
1590 623 1625 649 ut
1649 624 1757 652 certus
1781 630 1842 652 nu-

1103 673 1210 696 merus
1235 665 1506 699 monasteriorum
1531 669 1729 713 recipiendis
1747 673 1843 705 nobi-

1102 716 1188 749 libus
1213 717 1409 759 destinetur,
1429 719 1460 752 in
1483 720 1601 762 quibus
1626 723 1646 755 ii
1673 725 1732 757 soli
1760 725 1843 758 reci-

1101 769 1241 812 pientur,
1273 770 1336 813 qui,
1359 771 1442 804 sacta
1473 774 1676 815 probatione,
1707 779 1781 809 vera
1809 783 1842 810 et

1101 822 1281 855 indubitata
1299 823 1469 857 nobilitate
1488 827 1694 869 reperientur
1711 829 1843 872 insigni-

1103 874 1144 915 ti;
1167 886 1248 918 quae
1275 876 1406 919 quidem
1432 880 1627 913 monasteria
1656 882 1842 924 designabit

1101 928 1374 962 eminentissimus
1400 930 1507 971 abbas,
1535 938 1567 964 et
1590 933 1623 965 in
1648 934 1766 977 quibus
1785 936 1842 968 ad-

1099 980 1187 1013 missi
1214 991 1271 1013 seu
1297 982 1419 1025 recepti
1445 985 1592 1025 nobiles,
1619 997 1688 1019 earn
1711 987 1841 1022 vivendi

1101 1034 1248 1075 sormam,
1277 1045 1371 1077 quam
1398 1036 1589 1078 invenerint,
1606 1046 1794 1083 sequentur.

1142 1097 1211 1120 xm.
1238 1087 1314 1120 Cum
1340 1088 1422 1122 nihil
1451 1091 1552 1132 magis
1585 1103 1763 1135 congruum
1797 1095 1839 1128 sit
1876 1109 1994 1130 nohabitu
2011 1111 2032 1130 n

1099 1193 1298 1227 formitatem
1335 1195 1419 1229 vitae
1458 1208 1530 1230 cum
1565 1199 1635 1232 aliis
1661 1200 1782 1234 indicet
1807 1208 1839 1235 et

1099 1245 1323 1284 demonstret,
1348 1247 1514 1280 statuimus
1551 1255 1585 1281 ut
1619 1261 1755 1292 omnes,
1783 1253 1837 1295 qui

1099 1296 1252 1341 deinceps
1276 1298 1308 1330 in
1333 1298 1453 1332 Ordine
1478 1301 1688 1345 recipientur,
1713 1305 1838 1338 unifor-

1099 1361 1184 1382 mem
1220 1351 1366 1384 habitum
1404 1353 1559 1393 deserant,
1587 1357 1677 1389 cuius
1703 1358 1837 1392 sormam

1098 1403 1376 1438 eminentissimus
1413 1408 1588 1441 cardinalis
1624 1411 1723 1443 abbas
1753 1413 1840 1445 desi-

1098 1457 1220 1498 gnabit.
1247 1457 1364 1491 Omnes
1389 1470 1519 1503 quoque
1539 1464 1690 1496 monachi
1709 1464 1838 1497 Ordinis

1096 1515 1201 1542 vestes
1228 1511 1341 1553 longas
1367 1522 1423 1544 seu
1449 1515 1565 1547 talares
1602 1522 1634 1548 et
1670 1519 1838 1560 regulares

1097 1563 1130 1596 in
1155 1564 1361 1597 monasteriis
1381 1571 1413 1598 et
1429 1566 1510 1599 locis
1532 1568 1726 1603 residentiae
1753 1572 1839 1604 dese-

1097 1623 1181 1657 rent,
1198 1618 1255 1650 sub
1272 1620 1378 1661 poena
1396 1622 1739 1656 excommunicationis
1762 1636 1839 1658 con-

1098 1676 1145 1703 tra
1169 1671 1264 1705 aliter
1288 1672 1453 1712 facientes,
1479 1675 1571 1708 cuius
1597 1676 1757 1711 absolutio
1778 1679 1838 1712 soli

1096 1724 1198 1766 priori
1225 1725 1387 1758 claustrali
1413 1733 1610 1768 reservatur,
1628 1735 1727 1772 prout
1751 1732 1839 1764 ordi-

1096 1783 1206 1810 natum
1245 1778 1428 1821 reperimus
1467 1780 1499 1812 in
1541 1783 1665 1814 statutis
1705 1784 1838 1827 capituli

1096 1830 1171 1862 anni
1197 1840 1353 1873 mentun,
1372 1838 1405 1864 et
1428 1840 1620 1867 renovatum
1642 1835 1674 1867 in
1693 1837 1836 1880 capitulo

1096 1883 1242 1926 generali
1260 1884 1336 1916 anni
1353 1895 1524 1920 MDCLxxvl.
1540 1887 1574 1920 ln
1592 1888 1711 1922 itinere
1729 1895 1837 1924 autem

1097 1942 1201 1969 vestes
1227 1937 1381 1977 deserent,
1403 1944 1437 1971 ut
1461 1940 1494 1972 in
1520 1941 1666 1983 praefato
1691 1944 1836 1986 capitulo

1094 1990 1331 2033 praescriptum
1358 1996 1418 2024 est.
1445 1992 1598 2036 Quisquis
1632 2001 1740 2028 autem
1766 1997 1836 2030 sine

1072 2077 1073 2082 ¹
1095 2043 1237 2085 regulari
1262 2043 1389 2085 habitu,
1415 2045 1570 2079 videlicet
1595 2049 1759 2090 scapulari
1784 2060 1837 2082 su-

1072 2095 1073 2099 ’
1093 2105 1153 2138 per
1176 2101 1298 2129 vestem
1324 2098 1362 2130 ab
1384 2099 1539 2132 anteriori
1557 2106 1651 2143 parte
1677 2108 1710 2134 et
1725 2098 1837 2145 poste-

1095 2149 1173 2182 riori
1200 2150 1243 2182 ita
1268 2150 1474 2194 dependente
1512 2158 1548 2185 ut
1582 2161 1740 2198 appareat
1764 2156 1835 2191 sine

1093 2203 1167 2236 ullis
1205 2204 1339 2237 omnino
1374 2206 1527 2247 globulis,
1554 2213 1707 2251 repertus
1739 2210 1836 2244 suerit

1093 2257 1191 2290 etiam
1216 2258 1250 2290 in
1274 2258 1401 2299 itinere,
1419 2260 1536 2302 poenis
1567 2262 1746 2304 praedictis
1770 2269 1836 2297 sta-

1093 2311 1168 2344 tutis
1193 2312 1267 2345 latis
1294 2312 1486 2354 subiacebit,
1505 2320 1537 2347 et
1561 2317 1711 2350 omnibus
1738 2329 1835 2362 supe-

1092 2366 1235 2399 rioribus
1261 2366 1473 2409 iniungimus,
1499 2369 1555 2401 ubi
1581 2370 1706 2414 aliquos
1733 2372 1832 2406 huius

309 2413 484 2446 officiarios
510 2420 541 2446 et
564 2414 729 2448 bursarios
755 2421 786 2448 et
814 2417 993 2451 monachos
1019 2430 1051 2451 a·
1093 2419 1307 2453 ordinationis
1331 2422 1612 2464 praevaricatores
1637 2424 1831 2467 invenerint,

308 2472 360 2500 ctu
385 2466 418 2498 in
439 2466 554 2499 eodem
579 2467 720 2510 collegio
742 2468 921 2510 studentes,
939 2472 1049 2504 nullus
1093 2483 1147 2506 eos
1173 2473 1324 2516 excipere
1350 2475 1431 2507 sicut
1449 2480 1538 2509 tanta
1555 2477 1754 2512 inordinatio
1772 2490 1833 2512 rne-

307 2519 410 2564 possit
441 2519 502 2551 sub
528 2530 732 2564 quocumque
757 2528 927 2565 praetextu
961 2525 1051 2558 liabi-

1070 2545 1072 2592 Ι
1093 2532 1194 2559 retur.
1211 2526 1271 2560 Eos
1290 2527 1492 2561 declaramus
1518 2530 1662 2564 incidere
1688 2531 1720 2564 in
1741 2543 1832 2566 casus

308 2574 448 2609 tationes
461 2583 516 2606 seu
530 2573 718 2608 mansiones
733 2575 762 2607 in
779 2576 891 2610 codem
910 2579 1049 2622 collegio
1070 2593 1073 2621 l
1092 2586 1273 2615 reservatos
1291 2581 1400 2616 abbati
1417 2581 1622 2618 Cluniacensi
1649 2591 1680 2619 et
1703 2585 1829 2621 vicariis

395 2637 476 2665 Bull.
499 2637 582 2665 Rom.
598 2653 631 2657 —
652 2639 713 2666 Vol.
730 2639 790 2667 XX.
942 2642 974 2669 87

1099 1141 1273 1180 monacho,
1300 1152 1395 1184 quam
1421 1149 1451 1175 ut
1472 1144 1583 1177 habitu
1603 1147 1753 1180 exteriori
1772 1142 1934 1183 uni-iiii?ssu
1957 1144 1967 1156 ²
1989 1142 2033 1156 '¹¹⁰’

1923 1170 1949 1183 10.
