2254 3225
168 224 220 250 an.
237 224 256 247 u
288 222 356 249 1690
400 213 441 246 76

195 284 315 305 Clausulam

405 272 420 315 ἓ
445 271 475 304 7.
495 270 565 303 Non
582 269 784 303 obstantibus
802 265 1092 302 constitutionibus

363 329 396 356 et
428 322 686 356 ordinationibus
719 320 928 365 apostolicis,
963 316 1094 351 assertis

363 376 652 411 consuetudinibus
663 374 863 419 apostoliciS,
876 382 964 416 quas,
974 371 999 403 si
1011 378 1093 412 quae

364 430 479 471 forent,
497 440 558 473 per
581 433 771 472 praesentes
789 426 1008 469 improbamus
1029 422 1095 454 nul-

363 483 476 526 lasque
512 487 543 515 et
577 481 732 514 invalidas
769 489 837 512 esse
870 478 1091 512 declaramus,

363 535 542 579 privilegiis
579 544 731 578 quoque,
764 530 897 564 indultis
924 534 955 561 et
978 525 1094 560 litteris

364 588 553 631 apostolicis
577 588 608 620 in
638 585 830 619 contrarium
846 581 1094 626 praemissorum

364 642 475 675 forsan
499 640 745 684 quomodolibet
768 636 951 673 concessis,
978 643 1096 677 appro-

363 695 447 728 batis
481 700 512 728 et
535 693 716 731 innovatis;
743 691 858 734 quibus
891 687 1040 721 omnibus
1064 690 1097 718 et

365 748 515 791 singulis,
539 746 662 780 etiamsi
687 755 745 788 pro
771 745 900 777 illorum
925 739 1095 774 sufficienti

366 801 577 844 derogatione
614 800 652 832 de
687 797 750 831 illis
796 804 974 838 eorumque
1020 792 1095 826 totis

367 854 534 887 tenoribus
560 851 729 896 specifica,
764 857 916 893 expressa
948 851 980 880 et
1014 846 1097 879 indi-

366 907 438 948 dua,
456 917 491 940 ac
512 907 551 939 de
575 905 672 938 verbo
693 904 732 937 ad
748 903 888 941 verbum,
909 910 972 933 non
990 904 1096 932 autem

364 970 426 1003 per
444 959 603 993 clausulas
625 958 790 1001 generales
811 955 896 988 idem
920 954 1098 996 importan-

367 1018 434 1052 tes,
460 1012 580 1044 mentio
604 1021 661 1043 seu
686 1007 817 1052 quaevis
842 1006 904 1039 alia
931 1004 1097 1048 expressio

367 1064 518 1097 habenda
543 1068 598 1096 aut
614 1061 720 1104 aliqua
739 1060 799 1092 alia
821 1057 980 1101 exquisita
997 1057 1098 1089 forma
1117 1084 1120 1095 ,

367 1117 523 1150 servanda
541 1116 643 1154 soret,
668 1120 796 1146 tenores
819 1110 1006 1144 huiusmodi
1027 1136 1033 1149 ,
1064 1119 1099 1141 ac

367 1170 392 1203 si
419 1170 457 1203 de
482 1169 579 1202 verbo
612 1167 651 1200 ad
676 1166 809 1199 verbum
825 1192 832 1204 ,
857 1164 939 1197 nihil
970 1163 1098 1206 penitus

366 1223 498 1262 omisso,
528 1227 559 1254 et
584 1221 686 1254 forma
708 1219 739 1251 in
765 1219 827 1251 illis
852 1217 968 1250 tradita
992 1217 1100 1248 obser-

365 1278 445 1315 vata,
463 1274 574 1307 inserti
594 1274 713 1311 forent,
732 1271 853 1304 eisdem
871 1268 1098 1313 praesentibus

366 1339 425 1372 pro
460 1328 556 1370 plene
589 1332 620 1359 et
649 1324 848 1357 sufficienter
885 1321 1044 1365 expressis
1069 1326 1100 1354 et

365 1381 494 1415 insertis
521 1379 688 1417 habentes,
714 1378 754 1410 ad
779 1376 927 1409 ell'ectum
946 1384 1101 1418 praesen-

367 1435 460 1474 tium,
479 1433 610 1475 illisque
637 1430 731 1464 alias¹
754 1429 786 1462 in
804 1439 862 1462 suo
883 1429 1002 1461 robore
1026 1437 1100 1470 per-

366 1487 538 1526 mansuris,
553 1486 614 1518 hac
628 1484 694 1517 vice
711 1484 875 1516 dumtaxat
888 1482 1002 1514 harum
1016 1480 1100 1513 serie

367 1541 586 1583 derogamus3
615 1537 798 1580 ceterisque
832 1535 1000 1569 contrariis
1033 1534 1102 1577 qui-

366 1594 580 1635 buscumque;
600 1593 744 1624 volentes
760 1589 844 1632 quod
863 1588 895 1620 in
921 1587 991 1620 aliis
1006 1597 1100 1629 quam

367 1645 553 1690 praemissis
579 1642 782 1687 privilegiati,
805 1651 860 1674 seu
878 1640 1036 1672 habentes
1056 1638 1102 1671 lit-

367 1703 452 1731 teras
476 1702 636 1740 patentes,
653 1695 803 1728 omnibus
828 1693 899 1726 aliis
924 1691 1103 1735 exemptio-

368 1750 465 1783 nibus
490 1755 518 1782 et
545 1747 722 1792 privilegiis
747 1746 891 1789 legitime
916 1751 1103 1787 competen-

368 1802 455 1835 tibus
479 1802 697 1845 perfruantur,
717 1801 755 1833 ea
784 1805 889 1832 tamen
916 1797 1100 1830 conditione

369 1856 455 1899 quod
480 1855 612 1887 realiter
636 1859 668 1887 et
692 1863 763 1886 cum
788 1851 904 1885 ell'ectu
936 1849 1101 1893 registrari

369 1908 552 1942 curaverint
571 1908 622 1940 vel
647 1910 761 1939 curent
786 1905 818 1937 in
843 1903 1041 1937 cancellariis
1059 1904 1102 1935 le-

370 1967 516 2005 gatorum
553 1967 584 1994 et
619 1961 873 2003 gubernatorum
914 1957 1100 2001 privilegia,

369 2015 493 2048 litteras
517 2019 664 2058 patentes
690 2018 721 2045 et
745 2012 856 2045 titulos
887 2009 1103 2053 exemptionis

369 2069 409 2101 ad
441 2068 578 2101 sormam
612 2072 644 2100 et
676 2072 822 2098 tenorem
858 2065 1038 2097 edictorum
1064 2063 1102 2096 de

369 2120 520 2153 mandato
538 2120 754 2152 Romanorum
769 2117 957 2151 Pontificum
977 2122 1104 2150 nostro-

370 2185 442 2207 rum
465 2173 763 2217 praedecessorum,
790 2177 822 2204 et
845 2171 1010 2213 signanter
1029 2170 1102 2213 piae

371 2227 545 2260 memoriae
576 2225 749 2258 Clementis
775 2224 800 2256 X
825 2225 884 2256 sub
919 2224 1025 2256 datum
1051 2223 1102 2256 die

370 2289 468 2313 xxviii
499 2279 568 2311 iulii
604 2288 688 2311 anno
712 2277 838 2310 Domini
864 2286 1038 2315 unctxxw,
1073 2281 1105 2308 et

371 2331 551 2365 innocentii
589 2331 627 2364 XI
665 2331 723 2364 sub
758 2331 809 2363 die
841 2340 884 2363 vu
921 2329 1102 2362 novembris

372 2396 456 2419 anno
473 2394 639 2425 nncrxxvi,
658 2384 905 2428 publicatorum,
924 2393 1005 2427 quae
1032 2392 1104 2414 exa-

373 2444 422 2471 cte
437 2438 612 2477 observari,
627 2447 784 2480 suumque
802 2437 935 2480 plenum
954 2434 1102 2468 effectum

373 2491 505 2531 habere,
529 2501 565 2524 ac
589 2491 615 2523 si
641 2491 692 2523 hic
717 2491 756 2523 de
781 2490 880 2523 verbo
906 2488 945 2522 ad
970 2489 1102 2521 verbum

374 2545 492 2577 inserta
516 2544 701 2584 existerent,
728 2543 925 2577 ordinamus.

407 2606 419 2632 1
442 2605 507 2633 Male
523 2605 565 2632 ed.
583 2604 664 2632 Main.
680 2605 744 2640 legit
760 2604 829 2632 aliis
848 2612 896 2640 pro
912 2603 986 2630 alnis
1001 2604 1036 2636 (nt
1054 2601 1102 2637 T.).

939 216 1115 241 BULLARIUM
1138 213 1291 238 Romami

1875 208 1924 233 An.
1939 207 1968 232 C.
1993 207 2060 234 1690

1179 262 1193 304 ξ,
1217 260 1247 294 8.
1275 260 1426 292 Volumus
1444 262 1561 297 autern,
1578 257 1674 301 quod,
1692 255 1792 299 lapsis
1812 255 1868 290 de·
1918 268 1980 288 Puto-
2005 272 2061 289 im.

1136 324 1206 347 cem
1221 316 1370 354 respectu
1386 310 1492 344 dictae
1509 315 1638 343 nostrae
1654 309 1758 349 Urbis,
1776 314 1807 341 et
1823 309 1869 341 vi·
1878 299 2014 321 ¹⁰¹⁰¹³¹⁰“¹¹¹''

1136 366 1215 409 ginti
1241 364 1354 398 diebus
1380 368 1529 406 respectu
1546 363 1643 396 totius
1661 364 1795 407 praefati
1814 374 1871 397 no-

1136 418 1191 451 stri
1211 418 1316 450 Status
1334 416 1559 456 Ecclesiastici,
1584 421 1755 460 postquam
1779 426 1871 460 prae-

1137 476 1246 503 sentes
1270 469 1368 502 valvis
1405 469 1562 502 ecclesiae
1587 469 1814 502 Lateranensis
1839 473 1871 502 et

1136 523 1289 556 basilicae
1308 522 1466 565 Principis
1477 522 1708 564 Apostolorum
1727 522 1871 555 eiusdem

1137 576 1232 609 Urbis
1264 580 1295 609 et
1327 576 1360 608 in
1392 575 1460 608 acie
1485 575 1696 618 Campitlorae
1720 586 1781 618 per
1814 575 1867 608 ali·

1139 640 1233 672 quem
1265 640 1301 662 ex
1336 628 1454 662 nostris
1486 628 1671 661 cursoribus
1705 628 1816 661 affixae
1841 632 1874 661 et

1138 682 1320 725 publicatae
1346 681 1485 721 suerint,
1511 691 1622 713 omnes
1647 685 1679 713 et
1703 681 1846 723 singulos
1862 706 1870 719 ,

1139 740 1202 767 tam
1217 734 1250 767 in
1264 733 1349 766 Urbe
1368 744 1464 776 quam
1484 733 1516 765 in
1534 732 1622 766 Statu
1637 732 1791 776 praefatis
1810 733 1875 765 exi-

1139 792 1269 826 stentes,
1287 786 1423 830 perinde
1448 786 1597 829 obligent
1620 790 1652 818 et
1675 789 1813 825 arctent,
1839 795 1874 818 ac

1140 840 1165 872 si
1183 839 1360 882 unicuique
1386 849 1497 872 eorum
1521 838 1742 882 personaliter
1767 843 1798 871 et
1817 848 1876 871 no-

1139 893 1286 926 minatim
1302 893 1468 926 intimatae
1487 893 1635 931 fuissent,
1655 891 1804 935 quodque
1823 901 1876 924 ea-

1140 956 1212 978 rum
1227 945 1447 988 transumptis,
1462 945 1558 977 etiarn
1583 943 1759 987 impressis,
1778 954 1874 976 manu

1139 998 1257 1031 notarii
1291 998 1413 1041 publici
1446 997 1654 1040 subscriptis,
1682 1001 1712 1029 et
1742 996 1876 1029 alicuius

1140 1062 1299 1095 personae
1320 1051 1352 1083 in
1379 1050 1601 1083 ecclesiastica
1626 1049 1783 1091 dignitate
1804 1059 1879 1082 con-

1141 1105 1272 1138 stitutae
1303 1104 1458 1144 munitis,
1486 1103 1598 1136 eadem
1634 1112 1767 1145 prorsus
1799 1101 1879 1134 fides

1142 1159 1172 1190 in
1191 1158 1311 1191 iudicio
1330 1163 1362 1190 et
1382 1162 1470 1189 extra
1494 1156 1697 1194 adhibeatur,
1715 1165 1797 1197 quae
1817 1154 1880 1187 eis-

1143 1211 1286 1243 demmet
1312 1210 1559 1254 praesentibus,
1585 1209 1612 1241 si
1638 1208 1801 1241 exhibitae
1829 1208 1878 1240 vel

1143 1270 1292 1296 ostensae
1324 1268 1441 1299 essent,
1469 1261 1691 1294 adhiberetur.

1186 1317 1200 1359 ἓ
1225 1316 1256 1349 9.
1277 1315 1362 1348 Nulli
1381 1325 1459 1357 ergo
1491 1314 1624 1347 omnino
1652 1313 1820 1346 hominum
1842 1313 1878 1346 li-

1143 1374 1213 1402 ceat
1229 1368 1380 1412 paginam
1400 1368 1483 1400 hanc
1502 1372 1642 1399 nostram
1661 1365 1880 1398 confirmatio·

1144 1423 1215 1462 nis,
1241 1420 1457 1454 innovationis
1493 1418 1687 1460 voluntatis,
1712 1418 1852 1451 mandati
1870 1445 1877 1457 ,

1145 1475 1278 1514 decreti,
1303 1474 1496 1513 sanctionis,
1523 1472 1741 1507 extensionis.
1767 1471 1881 1514 prohi-

1145 1528 1253 1569 tionis,
1280 1527 1506 1561 declarationis
1535 1532 1566 1559 et
1591 1525 1808 1568 derogationis
1832 1524 1881 1556 in-

1145 1582 1296 1624 fringere,
1311 1582 1359 1613 vel
1378 1580 1405 1612 ei
1426 1590 1503 1612 ausu
1522 1578 1694 1612 temerario
1708 1578 1879 1618 contraire,

1145 1635 1169 1668 si
1200 1634 1271 1677 quis
1303 1638 1409 1665 autem
1438 1633 1501 1664 hoc
1529 1635 1689 1663 attentare
1715 1640 1881 1673 praesum-

1144 1687 1259 1731 pserit,
1282 1685 1541 1728 indignationem
1567 1683 1798 1726 omnipotentis
1824 1682 1879 1715 Dei

1145 1751 1180 1773 ac
1197 1741 1366 1772 beatorum
1390 1737 1475 1769 Petri
1497 1741 1529 1770 et
1551 1736 1642 1768 Pauli
1659 1736 1879 1778 apostolorum

1145 1793 1214 1826 eius
1239 1802 1273 1824 se
1296 1790 1421 1823 noverit
1445 1790 1665 1822 incursurum.

1188 1845 1301 1878 Datum
1322 1843 1452 1881 Romae,
1475 1841 1561 1885 apud
1592 1840 1624 1874 S.
1658 1840 1790 1873 Mariam
1819 1840 1882 1873 Ma-

1145 1899 1271 1937 iorem,
1305 1907 1389 1929 anno
1425 1894 1656 1927 lncarnationis
1695 1893 1879 1926 Dominicae

1145 1960 1260 1989 unum,
1280 1950 1384 1982 idibus
1401 1948 1539 1991 augusti,
1556 1945 1759 1990 pontificatus
1778 1945 1879 1979 nostri

1146 2015 1231 2038 anno
1256 2014 1278 2037 1.

1181 2067 1240 2094 Dat.
1257 2065 1301 2093 die
1317 2064 1348 2092 13
1363 2063 1467 2099 augusti
1486 2061 1563 2094 1690,
1585 2060 1681 2097 pontif.
1697 2067 1767 2087 anno
1782 2065 1802 2086 1.

1915 1309 2003 1330 Sancite
2022 1314 2072 1335 poe-

1889 1338 1951 1357 nsilS.

1381 2188 1458 2221 xxv
1484 2187 1543 2230 (az.
1569 2186 1639 2229 35).

1147 2261 1412 2297 Condemnamur
1435 2258 1519 2290 duae
1540 2257 1650 2295 theseS,
1670 2265 1724 2287 seu
1737 2254 1880 2297 proposi-

1192 2315 1304 2352 tiones,
1321 2323 1388 2345 umz
1408 2316 1572 2353 [amquam
1594 2308 1763 2345 haeretica,
1778 2308 1879 2339 attera

1190 2373 1358 2410 tamquam
1393 2363 1609 2399 scandalosa,
1645 2360 1818 2392 temeraria
1850 2363 1880 2392 et

1188 2421 1322 2465 piarum
1347 2418 1479 2451 aurium
1499 2415 1659 2458 offensiva.

1264 2498 1340 2526 feria
1360 2504 1374 2523 v
1394 2496 1436 2523 die
1456 2502 1513 2521 xxiv
1534 2493 1639 2528 augusti
1661 2497 1757 2526 noem,

1180 2556 1213 2582 In
1234 2552 1462 2587 congregatione
1478 2548 1611 2584 generati
1633 2551 1757 2574 sanctae
1774 2546 1878 2574 Roma-

1145 2607 1201 2626 nae
1226 2601 1255 2626 et
1281 2595 1460 2624 universalis
1487 2592 1695 2626 Inquisitionis
1723 2589 1827 2618 habita
1848 2590 1878 2617 in
