2227 3225
125 262 173 290 An.
191 259 221 289 C.
243 259 310 288 teas

901 253 1111 279 INNOCENTIUS
1136 254 1180 277 ΧΠ
1204 254 1252 278 ΡΡ.

319 306 452 342 diversis
479 305 588 340 litibus
614 310 645 339 et
670 303 951 343 contentionibus,
979 314 1060 347 quae

317 361 403 394 inter
428 360 618 404 episcopum
644 358 862 391 Lauretanum
881 362 911 389 et
931 362 1062 400 protec-

318 419 425 447 torum
451 413 614 456 praefatae
641 412 759 444 Domus
787 416 917 443 exortae
939 410 1063 442 fuerant

317 473 348 501 et
373 466 451 500 oriri
478 471 623 510 possent,
652 465 684 498 in
710 470 879 508 posterum
906 464 1036 497 obviare
1053 491 1060 503 ,

316 526 414 565 utque
440 521 552 553 eadem
579 519 609 553 S.
637 519 754 552 Domus
773 519 961 556 Lauretana,
981 517 1062 550 eius-

317 585 379 618 que
412 573 566 607 officiales
599 579 628 606 et
658 571 799 605 ministri
836 571 1060 614 quicumque,

317 638 447 661 necnon
471 627 580 667 bona,
607 638 657 660 res
684 632 715 659 et
742 626 812 659 iura
838 625 877 658 ad
903 636 973 658 eam
990 635 1062 668 per-

317 682 452 716 tinentia
478 682 594 716 melius
621 687 652 715 et
678 681 804 714 facilius
836 680 1062 723 gubernaren-

318 741 383 778 tur,
403 737 508 771 eidem
535 736 566 770 S.
595 735 720 775 Domui,
747 745 803 768 seu
833 740 943 768 sancto
977 733 1062 766 cubi-

317 791 392 824 culo
419 791 610 829 Lauretano,
627 789 730 822 solum
750 799 805 821 seu
825 787 1060 831 pavimentum,

318 849 381 877 tam
399 844 544 877 eiusdem
565 843 666 876 sancti
686 842 824 875 cubiculi
851 852 907 874 seu
933 846 1062 874 sanctae

316 899 487 941 capellae,
513 908 608 941 quam
643 896 853 929 circumcirca
887 906 991 939 usque
1023 896 1062 928 ad

317 952 484 985 columnas
511 956 542 984 et
568 951 670 984 scalas
686 950 842 983 inclusive
861 954 1060 987 contentum,

318 1005 350 1038 in
377 1005 578 1038 territorium
605 1003 774 1047 proprium
810 1002 1062 1045 distinctumque

318 1064 350 1091 et
373 1063 558 1102 separatum
585 1055 726 1090 nullius¹
746 1056 919 1095 dioecesis,
940 1055 971 1088 in
998 1066 1061 1098 quo

319 1112 358 1146 dc
385 1118 495 1146 cetero
522 1112 609 1145 solus
636 1110 782 1144 eiusdem
809 1110 840 1144 S.
857 1110 973 1142 Domus
993 1120 1062 1152 pro-

319 1171 424 1200 tector
452 1177 512 1210 pro
546 1172 693 1209 tempore
730 1165 888 1204 existens,
927 1164 1063 1206 eiusque

319 1220 527 1263 gubernator,
547 1220 706 1264 privative
732 1219 841 1262 quoad
868 1218 1061 1261 episcopum

318 1272 558 1313 Lauretaniim,
579 1272 705 1305 etiamsi
723 1271 754 1304 S.
775 1271 812 1304 R.
833 1271 868 1303 E.
888 1270 1063 1303 cardinalis

318 1327 490 1367 existeret,
512 1326 773 1359 iurisdictionem
792 1324 1013 1358 omnimodam
1032 1330 1065 1357 et

318 1381 409 1424 quasi
435 1381 656 1424 episcopalem
690 1379 812 1412 babere
848 1384 880 1411 et
910 1388 1062 1411 exercere

318 1433 430 1478 possit,
445 1439 609 1477 perpetuo
635 1432 800 1466 constituit
820 1437 851 1464 et
867 1431 1061 1474 assignavit;

317 1488 487 1531 ipsamque
507 1487 639 1520 domum
666 1497 722 1519 seu
738 1487 897 1530 capellam
913 1496 1062 1529 magnam

318 1547 350 1575 et
373 1552 504 1585 parvam
531 1546 767 1584 nuncupatam,
790 1551 827 1573 ac
843 1540 1061 1583 pavimentum

318 1601 350 1629 et
375 1594 576 1628 territorium
602 1594 827 1638 praedictum,
853 1593 989 1636 eiusque
1008 1604 1064 1636 gu-

317 1648 528 1682 bernatorem
549 1675 556 1689 ,
592 1647 772 1688 officiales,
807 1646 995 1687 ministros,
1031 1651 1064 1679 et

318 1712 540 1746 quoscumque
566 1701 646 1735 alios
672 1706 736 1734 tam
763 1701 863 1734 laicos
882 1711 979 1744 quam
998 1701 1062 1733 cle-

318 1755 403 1789 ricos
446 1761 479 1788 et
510 1756 676 1798 regulares
708 1754 815 1788 eidem
855 1754 886 1787 S.
923 1754 1059 1795 Domui,

319 1819 376 1841 seu
402 1809 567 1852 capellae,
596 1808 730 1851 eiusque
761 1807 857 1840 bonis
882 1808 1062 1850 quomodo-

318 1863 399 1896 libet
434 1862 672 1902 inservientes,
708 1871 835 1894 necnon
871 1862 1061 1894 eorumdem

318 1915 517 1955 officialium,
544 1915 780 1954 ministrorum,
796 1914 998 1958 aliorumque
1014 1914 1062 1947 in-

318 1969 530 2002 servientium
558 1968 693 2001 familias
711 1996 718 2009 ,
748 1968 922 2001 servitores
953 1973 985 2001 et
1017 1968 1061 2001 fa-

319 2024 443 2063 mulos,
463 2028 496 2056 et
513 2033 734 2066 quoscumque
752 2022 893 2055 cuiusvis
912 2022 1059 2064 generis,

318 2077 515 2111 conditionis
529 2082 562 2110 et
574 2076 852 2120 praeeminentiae
867 2076 1060 2119 peregrinos

318 2133 358 2166 ad
384 2132 529 2165 eamdem
563 2137 707 2164 sanctam
741 2132 899 2174 capellam
925 2141 982 2164 seu
1008 2142 1061 2164 ec-

318 2186 450 2219 clesiam
465 2185 679 2219 Lauretanam
695 2185 912 2226 confluentes,
932 2196 1059 2218 necnon

320 2239 466 2274 eiusdem
500 2239 529 2272 S.
556 2239 677 2272 Domus
708 2239 849 2283 palatia,
887 2238 1057 2280 aedificia,

318 2293 541 2337 possessiones
564 2298 596 2326 et
620 2292 755 2336 praedia
772 2304 1006 2336 quaecumque,
1031 2298 1061 2325 et

318 2347 447 2391 reliqna
479 2347 585 2387 bona,
619 2352 683 2379 tam
713 2346 842 2379 stabilia
875 2357 968 2389 quam
995 2357 1061 2380 mo-

318 2398 398 2433 bilia
414 2405 445 2433 et
464 2400 674 2439 semovenssa,
702 2399 900 2442 ubicumque
927 2400 1061 2432 existen-

320 2452 382 2493 tia,
409 2453 627 2498 supellectilia
653 2453 751 2486 etiam
777 2453 940 2497 pretiosa,
966 2464 1062 2497 pecu—

319 2505 404 2546 nias,
430 2507 660 2550 eleemosynas,
688 2506 895 2547 donationes,
916 2512 950 2539 et
966 2517 1061 2550 quae·

320 2569 457 2602 cumque
482 2559 603 2600 relicta,
622 2559 661 2592 ab
687 2560 774 2593 omni
800 2565 832 2592 et
856 2570 1061 2603 quacumque

321 2611 466 2656 episcopi
491 2613 662 2647 Lauretani
687 2613 915 2657 superioritate
942 2618 973 2646 et
1007 2612 1058 2645 iu-

357 2677 368 2703 1
391 2674 461 2703 Edit.
479 2675 556 2703 Matri.
575 2676 640 2712 legit
655 2678 753 2705 nullus
767 2684 816 2712 pro
831 2677 940 2706 nullius
954 2677 993 2713 (n.
1011 2676 1059 2712 nl.

1751 243 1815 278 835

1105 302 1313 342 risdictione,
1340 301 1485 334 dominio
1519 312 1555 334 ac
1581 306 1744 345 potestate
1776 313 1849 346 per-

1106 361 1204 399 petuo
1225 382 1231 395 ,
1255 354 1445 398 plenissime
1463 381 1470 395 ,
1498 354 1628 398 penitus
1655 360 1686 387 ct
1715 356 1848 389 omnino

1107 409 1225 441 exemit
1250 415 1281 442 et
1307 408 1480 448 liberavit,
1506 419 1541 439 ac
1566 408 1625 441 sub
1650 408 1736 441 beati
1762 409 1847 441 Petri

1105 469 1137 495 et
1156 463 1248 496 Sedis
1268 462 1473 506 Apostolicac
1490 462 1695 505 protectione
1716 462 1848 504 speciali

1105 517 1272 561 suscepit·,
1310 517 1599 559 omnimodamque
1646 515 1846 548 iurisdictio-

1105 582 1179 604 nem
1215 571 1467 604 ecclesiasticam
1511 576 1541 603 et
1581 569 1786 613 spiritualem
1820 575 1850 602 et

1106 625 1196 668 quasi
1222 625 1443 668 episcopalem
1470 624 1502 657 in
1529 624 1708 667 praefatam
1732 623 1763 656 S.
1788 623 1847 657 Do-

1105 690 1211 717 mum,
1239 679 1374 721 eiusque
1401 677 1628 718 territorium,
1655 677 1848 716 ministros,

1105 732 1270 772 officiales,
1298 733 1442 775 aliosque
1479 731 1706 771 inservienteS,
1732 742 1769 764 ac
1794 741 1850 774 pe-

1106 787 1256 830 regrinos
1277 814 1284 827 ,
1311 796 1451 829 resque,
1479 786 1566 818 bona
1592 796 1627 818 ac
1659 785 1727 817 iura
1759 795 1851 828 prae-

1107 841 1211 880 dicta,
1239 841 1346 873 eidem
1380 850 1438 883 pro
1482 845 1629 883 tempore
1669 839 1849 882 protectori

1106 895 1244 927 subiecit
1278 899 1309 926 et
1348 893 1572 933 adiudicavit,
1610 893 1705 925 variis
1742 892 1849 925 eidem

1106 947 1306 991 protectori,
1335 952 1397 979 tani
1423 947 1508 979 circa
1533 946 1641 979 vicarii
1668 946 1769 978 curati
1788 946 1851 985 „de-

1107 1000 1325 1044 putationem,
1353 1011 1448 1044 quam
1474 999 1557 1032 circa
1583 998 1850 1032 dimissorialium

1107 1055 1292 1088 litterarum
1311 1054 1571 1093 concessionem,
1586 1053 1713 1096 aliaque
1739 1063 1851 1096 quam-

1108 1109 1260 1152 plurima,
1287 1108 1465 1152 privilegiis
1493 1113 1526 1141 et
1541 1107 1748 1140 facultatibus
1763 1108 1850 1140 attri-

1108 1163 1193 1195 butis
1205 1189 1212 1201 ,
1227 1168 1322 1205 prout
1341 1163 1371 1195 in
1388 1162 1609 1205 praefatorum
1620 1161 1797 1194 Clementis
1819 1161 1851 1193 in

1108 1216 1211 1249 fornia
1226 1216 1333 1248 Brevis
1348 1217 1405 1247 sub
1424 1215 1475 1248 die
1491 1225 1548 1248 xm
1565 1214 1700 1247 ianuarii
1720 1224 1851 1254 itnxxtv,

1108 1269 1315 1313 pontificatus
1341 1270 1389 1302 sui
1417 1279 1501 1301 anno
1527 1279 1545 1308 i,
1572 1274 1604 1301 et
1629 1268 1729 1308 Pauli,
1758 1279 1851 1311 prae-

1108 1325 1328 1362 decessorum,
1348 1323 1408 1356 sub
1430 1324 1577 1366 plumbo,
1592 1333 1677 1355 anno
1703 1322 1852 1356 incarna-

1109 1378 1205 1410 tionis
1220 1377 1404 1410 dominicae
1421 1386 1540 1417 MDcxx,
1556 1376 1661 1419 pridie
1679 1376 1751 1409 idus
1770 1376 1850 1416 iulii,

1107 1431 1314 1475 pontificatus
1335 1431 1383 1463 sui
1409 1441 1497 1467 anno
1513 1441 1574 1470 xvi,
1598 1431 1778 1474 respective
1797 1441 1851 1463 ex-

1107 1485 1225 1529 peditis
1252 1485 1379 1524 litteris,
1404 1484 1537 1517 uberius
1562 1484 1759 1517 continetur.

1151 1539 1166 1582 g
1191 1538 1222 1572 9.
1250 1538 1314 1571 Nos
1340 1549 1424 1579 vero,
1440 1539 1576 1582 provide
1602 1539 1848 1572 considerantes

1107 1605 1143 1627 ex
1171 1593 1359 1626 huiusmodi
1384 1593 1485 1626 forma
1504 1592 1672 1635 regiminis
1690 1602 1754 1625 non
1769 1603 1851 1633 eam,

1107 1657 1188 1691 quae
1213 1647 1426 1690 sperabatur,
1452 1646 1623 1679 utilitatem
1648 1646 1849 1690 provenisse,

1107 1700 1185 1744 quin
1204 1701 1313 1744 potius
1332 1700 1545 1743 experientia,
1564 1705 1594 1733 et
1608 1699 1851 1743 quamplurium

1106 1754 1145 1787 ad
1159 1755 1377 1797 apostolatum
1392 1759 1539 1786 nostrum
1556 1753 1691 1796 perlatis
1709 1753 1851 1796 querelis

1106 1814 1203 1852 atque
1228 1808 1432 1849 recursibus,
1459 1808 1618 1841 certiores
1646 1806 1771 1848 effecti,
1797 1807 1851 1841 im·

1106 1863 1228 1895 minuta
1253 1863 1348 1895 nimis
1375 1861 1520 1906 episcopi
1546 1867 1728 1903 potestate,
1756 1861 1851 1895 disci-

1105 1917 1227 1960 plinam
1253 1915 1508 1949 eeclesiasticam
1534 1915 1691 1958 paulatim
1707 1915 1849 1955 dissolvi,

1105 1980 1234 2002 necnon
1269 1969 1349 2002 cleri
1383 1969 1561 2013 populique
1591 1979 1724 2010 mores,
1759 1971 1851 2002 aucta

1105 2029 1330 2068 exemptorum
1356 2024 1582 2063 multitudine,
1609 2022 1759 2064 relaxari,
1785 2033 1849 2056 non

1105 2077 1174 2111 sine
1200 2078 1425 2122 frequentibus
1441 2078 1665 2120 praelatorum
1687 2087 1724 2110 ac
1744 2077 1851 2111 subdi-

1105 2137 1210 2165 torum
1232 2131 1541 2174 perturbationibus,
1564 2131 1656 2171 itaut,
1671 2131 1759 2175 quod
1774 2131 1852 2164 alias

1105 2186 1137 2218 in
1163 2185 1327 2229 praefatae
1354 2190 1484 2218 sanctae
1510 2185 1654 2228 capellae
1688 2185 1788 2218 decus
1820 2189 1853 2218 et

1105 2239 1310 2273 coniinodnm
1326 2240 1366 2272 ab
1385 2239 1500 2272 iisdem
1515 2238 1683 2272 Clemente
1700 2244 1732 2271 et
1749 2238 1851 2271 Paulo

1105 2292 1411 2336 praedecessoribus
1437 2292 1615 2325 salubriter
1636 2292 1849 2325 constitutum

1105 2348 1224 2388 suerat,
1250 2347 1313 2380 iam
1341 2352 1524 2391 temporum
1540 2346 1712 2386 varietate,
1731 2356 1768 2379 ac
1785 2345 1851 2379 for-

1105 2406 1190 2433 tasse
1216 2400 1388 2434 hominum
1412 2399 1544 2441 malitia,
1561 2399 1592 2432 in
1620 2399 1766 2433 eiusdem
1793 2409 1849 2431 no-

1105 2460 1214 2487 scatur
1238 2464 1375 2497 vergere
1395 2453 1645 2493 detrimentum,
1668 2452 1779 2485 habita
1799 2463 1849 2485 su-

1104 2518 1164 2551 per
1186 2507 1236 2540 liis
1255 2519 1326 2540 cum
1341 2507 1507 2541 nonnullis
1524 2505 1768 2539 venerabilibus
1786 2506 1850 2539 fra-

1106 2561 1208 2594 tribus
1234 2562 1352 2594 nostris
1377 2561 1408 2595 S.
1437 2561 1474 2594 R.
1502 2560 1536 2593 E.
1570 2559 1791 2593 cardinalibus
1817 2563 1851 2592 et

1106 2615 1233 2648 dilectis
1258 2615 1332 2649 filiis
1365 2615 1530 2648 Romanae
1556 2613 1671 2647 Curiae
1697 2613 1850 2656 praelatis

1106 2668 1343 2703 deliberatione
1369 2669 1509 2708 matura,
1529 2667 1690 2711 praefatas
1713 2665 1849 2709 praede-

1860 253 1909 282 Αιι.
1925 251 1953 282 C.
1974 251 2044 282 1698

1890 1546 1974 1568 Cauaeae
1984 1548 2048 1570 huius

1865 1576 2029 1596 constitutionis.
