<?xml version="1.0" encoding="UTF-8"?>
<!DOCTYPE html PUBLIC "-//W3C//DTD XHTML 1.0 Transitional//EN"
    "http://www.w3.org/TR/xhtml1/DTD/xhtml1-transitional.dtd">
<html xmlns="http://www.w3.org/1999/xhtml" xml:lang="en" lang="en">
 <head>
  <title>
</title>
<meta http-equiv="Content-Type" content="text/html;charset=utf-8" />
  <meta name='ocr-system' content='tesseract 3.04.00' />
  <meta name='ocr-capabilities' content='ocr_page ocr_carea ocr_par ocr_line ocrx_word'/>
</head>
<body>
  <div class='ocr_page' id='page_1' title='image "./bullarumdiplomat20cath_0129.png"; bbox 0 0 2227 3225; ppageno 0'>
   <div class='ocr_carea' id='block_1_1' title="bbox 134 200 325 227">
    <p class='ocr_par' dir='ltr' id='par_1_1' title="bbox 134 200 325 227">
     <span class='ocr_line' id='line_1_1' title="bbox 134 200 325 227; baseline 0 -1"><span class='ocrx_word' id='word_1_1' title='bbox 134 201 185 226; x_wconf 75' lang='lat' dir='ltr'>An.</span> <span class='ocrx_word' id='word_1_2' title='bbox 204 200 232 227; x_wconf 85' lang='lat' dir='ltr'>C.</span> <span class='ocrx_word' id='word_1_3' title='bbox 258 201 325 226; x_wconf 66' lang='lat' dir='ltr'>lssttO</span> 
     </span>
    </p>
   </div>
   <div class='ocr_carea' id='block_1_2' title="bbox 128 1210 312 1263">
    <p class='ocr_par' dir='ltr' id='par_1_2' title="bbox 128 1210 312 1263">
     <span class='ocr_line' id='line_1_2' title="bbox 170 1210 312 1231; baseline 0.007 -1"><span class='ocrx_word' id='word_1_4' title='bbox 170 1210 230 1230; x_wconf 60' lang='lat' dir='ltr'>Fidus</span> <span class='ocrx_word' id='word_1_5' title='bbox 255 1213 312 1231; x_wconf 78' lang='lat' dir='ltr'>trau·</span> 
     </span>
     <span class='ocr_line' id='line_1_3' title="bbox 128 1240 265 1263; baseline 0.029 -8"><span class='ocrx_word' id='word_1_6' title='bbox 128 1243 152 1258; x_wconf 83' lang='lat' dir='ltr'>sn</span> <span class='ocrx_word' id='word_1_7' title='bbox 162 1240 265 1263; x_wconf 64' lang='lat' dir='ltr'>aptorum.</span> 
     </span>
    </p>
   </div>
   <div class='ocr_carea' id='block_1_3' title="bbox 367 249 1061 293">
    <p class='ocr_par' dir='ltr' id='par_1_3' title="bbox 367 249 1061 293">
     <span class='ocr_line' id='line_1_4' title="bbox 367 249 1061 293; baseline -0.003 -11"><span class='ocrx_word' id='word_1_8' title='bbox 367 250 382 293; x_wconf 65' lang='grc' dir='ltr'>ἓ</span> <span class='ocrx_word' id='word_1_9' title='bbox 406 250 437 282; x_wconf 73' lang='grc'>4.</span> <span class='ocrx_word' id='word_1_10' title='bbox 472 249 539 283; x_wconf 82' lang='lat' dir='ltr'>Non</span> <span class='ocrx_word' id='word_1_11' title='bbox 567 249 774 282; x_wconf 85' lang='lat' dir='ltr'>obstantibus</span> <span class='ocrx_word' id='word_1_12' title='bbox 800 249 999 293; x_wconf 82' lang='lat' dir='ltr'>praemissis,</span> <span class='ocrx_word' id='word_1_13' title='bbox 1026 259 1061 281; x_wconf 82' lang='lat' dir='ltr'>ac</span> 
     </span>
    </p>
   </div>
   <div class='ocr_carea' id='block_1_4' title="bbox 322 303 1063 451">
    <p class='ocr_par' dir='ltr' id='par_1_4' title="bbox 322 303 1063 451">
     <span class='ocr_line' id='line_1_5' title="bbox 323 303 1063 346; baseline -0.001 -10"><span class='ocrx_word' id='word_1_14' title='bbox 323 303 610 336; x_wconf 68' lang='lat' dir='ltr'>constitutionibus</span> <span class='ocrx_word' id='word_1_15' title='bbox 621 308 651 336; x_wconf 88' lang='lat' dir='ltr'>et</span> <span class='ocrx_word' id='word_1_16' title='bbox 667 303 928 336; x_wconf 82' lang='lat' dir='ltr'>ordinationibus</span> <span class='ocrx_word' id='word_1_17' title='bbox 939 308 1063 346; x_wconf 86' lang='lat' dir='ltr'>aposto-</span> 
     </span>
     <span class='ocr_line' id='line_1_6' title="bbox 323 356 1063 400; baseline 0 -12"><span class='ocrx_word' id='word_1_18' title='bbox 323 356 403 395; x_wconf 84' lang='lat' dir='ltr'>licis,</span> <span class='ocrx_word' id='word_1_19' title='bbox 422 367 571 395; x_wconf 88' lang='lat' dir='ltr'>necnon,</span> <span class='ocrx_word' id='word_1_20' title='bbox 588 362 747 400; x_wconf 81' lang='lat' dir='ltr'>quatenus</span> <span class='ocrx_word' id='word_1_21' title='bbox 767 367 848 399; x_wconf 83' lang='lat' dir='ltr'>opus</span> <span class='ocrx_word' id='word_1_22' title='bbox 864 356 914 392; x_wconf 75' lang='lat' dir='ltr'>sit,</span> <span class='ocrx_word' id='word_1_23' title='bbox 933 356 1063 398; x_wconf 70' lang='lat' dir='ltr'>provin-</span> 
     </span>
     <span class='ocr_line' id='line_1_7' title="bbox 322 408 1063 451; baseline -0.001 -10"><span class='ocrx_word' id='word_1_24' title='bbox 322 409 458 449; x_wconf 77' lang='lat' dir='ltr'>ciarum,</span> <span class='ocrx_word' id='word_1_25' title='bbox 476 408 746 451; x_wconf 72' lang='lat' dir='ltr'>Congregationis</span> <span class='ocrx_word' id='word_1_26' title='bbox 772 414 802 442; x_wconf 87' lang='lat' dir='ltr'>et</span> <span class='ocrx_word' id='word_1_27' title='bbox 826 408 955 441; x_wconf 75' lang='lat' dir='ltr'>Ordinis</span> <span class='ocrx_word' id='word_1_28' title='bbox 973 418 1063 450; x_wconf 87' lang='lat' dir='ltr'>prae-</span> 
     </span>
    </p>
   </div>
   <div class='ocr_carea' id='block_1_5' title="bbox 913 202 1167 225">
    <p class='ocr_par' dir='ltr' id='par_1_5' title="bbox 913 202 1167 225">
     <span class='ocr_line' id='line_1_8' title="bbox 913 202 1167 225; baseline -0.008 0"><span class='ocrx_word' id='word_1_29' title='bbox 913 202 1098 225; x_wconf 53' lang='lat' dir='ltr'>ALLtt.›⁴23Lttt</span> <span class='ocrx_word' id='word_1_30' title='bbox 1127 202 1136 224; x_wconf 68' lang='grc' dir='ltr'><strong>ἰ</strong></span> <span class='ocrx_word' id='word_1_31' title='bbox 1147 202 1167 223; x_wconf 73' lang='lat' dir='ltr'>ll</span> 
     </span>
    </p>
   </div>
   <div class='ocr_carea' id='block_1_6' title="bbox 1224 201 2033 327">
    <p class='ocr_par' dir='ltr' id='par_1_6' title="bbox 1224 201 2033 327">
     <span class='ocr_line' id='line_1_9' title="bbox 1762 201 2033 233; baseline 0.026 -6"><span class='ocrx_word' id='word_1_32' title='bbox 1762 201 1797 228; x_wconf 52' lang='lat' dir='ltr'>bt</span> <span class='ocrx_word' id='word_1_33' title='bbox 1851 207 1898 232; x_wconf 67' lang='lat' dir='ltr'>An.</span> <span class='ocrx_word' id='word_1_34' title='bbox 1920 206 1947 232; x_wconf 75' lang='lat' dir='ltr'>(J.</span> <span class='ocrx_word' id='word_1_35' title='bbox 1968 207 2033 233; x_wconf 69' lang='grc'><strong>11190</strong></span> 
     </span>
     <span class='ocr_line' id='line_1_10' title="bbox 1289 250 1654 284; baseline 0.011 -9"><span class='ocrx_word' id='word_1_36' title='bbox 1289 250 1454 277; x_wconf 75' lang='lat' dir='ltr'>Alexander</span> <span class='ocrx_word' id='word_1_37' title='bbox 1474 252 1552 284; x_wconf 74' lang='lat' dir='ltr'>Papa</span> <span class='ocrx_word' id='word_1_38' title='bbox 1574 253 1654 284; x_wconf 76' lang='lat' dir='ltr'>vm.</span> 
     </span>
     <span class='ocr_line' id='line_1_11' title="bbox 1224 293 1719 327; baseline 0.01 -8"><span class='ocrx_word' id='word_1_39' title='bbox 1224 293 1258 319; x_wconf 82' lang='lat' dir='ltr'>ad</span> <span class='ocrx_word' id='word_1_40' title='bbox 1280 297 1453 327; x_wconf 77' lang='lat' dir='ltr'>perpetuam</span> <span class='ocrx_word' id='word_1_41' title='bbox 1474 296 1517 321; x_wconf 87' lang='lat' dir='ltr'>rei</span> <span class='ocrx_word' id='word_1_42' title='bbox 1538 298 1719 324; x_wconf 74' lang='lat' dir='ltr'>memoriam.</span> 
     </span>
    </p>
   </div>
   <div class='ocr_carea' id='block_1_7' title="bbox 1105 355 1996 454">
    <p class='ocr_par' dir='ltr' id='par_1_7' title="bbox 1105 355 1996 454">
     <span class='ocr_line' id='line_1_12' title="bbox 1148 355 1996 401; baseline 0.012 -14"><span class='ocrx_word' id='word_1_43' title='bbox 1148 355 1290 388; x_wconf 79' lang='lat' dir='ltr'>Pastoris</span> <span class='ocrx_word' id='word_1_44' title='bbox 1315 356 1437 389; x_wconf 74' lang='lat' dir='ltr'>aeterni</span> <span class='ocrx_word' id='word_1_45' title='bbox 1464 357 1559 397; x_wconf 51' lang='lat' dir='ltr'>vices,</span> <span class='ocrx_word' id='word_1_46' title='bbox 1577 358 1650 390; x_wconf 75' lang='lat' dir='ltr'>licet</span> <span class='ocrx_word' id='word_1_47' title='bbox 1676 359 1838 401; x_wconf 85' lang='lat' dir='ltr'>immeriti,</span> <span class='ocrx_word' id='word_1_48' title='bbox 1877 376 1996 397; x_wconf 27' lang='lat' dir='ltr'>mannum,</span> 
     </span>
     <span class='ocr_line' id='line_1_13' title="bbox 1105 409 1838 454; baseline 0.008 -15"><span class='ocrx_word' id='word_1_49' title='bbox 1105 413 1255 450; x_wconf 69' lang='lat' dir='ltr'>gerentes</span> <span class='ocrx_word' id='word_1_50' title='bbox 1281 409 1312 440; x_wconf 94' lang='lat' dir='ltr'>in</span> <span class='ocrx_word' id='word_1_51' title='bbox 1339 409 1442 449; x_wconf 82' lang='lat' dir='ltr'>terris,</span> <span class='ocrx_word' id='word_1_52' title='bbox 1462 421 1516 448; x_wconf 77' lang='lat' dir='ltr'>ca,</span> <span class='ocrx_word' id='word_1_53' title='bbox 1545 422 1641 453; x_wconf 85' lang='lat' dir='ltr'>quac,</span> <span class='ocrx_word' id='word_1_54' title='bbox 1669 422 1728 454; x_wconf 87' lang='lat' dir='ltr'>pro</span> <span class='ocrx_word' id='word_1_55' title='bbox 1754 413 1838 446; x_wconf 65' lang='lat' dir='ltr'>seliri</span> 
     </span>
    </p>
   </div>
   <div class='ocr_carea' id='block_1_8' title="bbox 323 461 1841 509">
    <p class='ocr_par' dir='ltr' id='par_1_8' title="bbox 323 461 1841 509">
     <span class='ocr_line' id='line_1_14' title="bbox 323 461 1841 509; baseline 0.003 -15"><span class='ocrx_word' id='word_1_56' title='bbox 323 462 467 501; x_wconf 81' lang='lat' dir='ltr'>satorum,</span> <span class='ocrx_word' id='word_1_57' title='bbox 487 462 584 495; x_wconf 86' lang='lat' dir='ltr'>etiam</span> <span class='ocrx_word' id='word_1_58' title='bbox 600 462 794 502; x_wconf 81' lang='lat' dir='ltr'>iuramento,</span> <span class='ocrx_word' id='word_1_59' title='bbox 813 462 1061 495; x_wconf 75' lang='lat' dir='ltr'>confirmatione</span> <span class='ocrx_word' id='word_1_60' title='bbox 1083 477 1085 494; x_wconf 87' lang='lat' dir='ltr'>t</span> <span class='ocrx_word' id='word_1_61' title='bbox 1106 461 1332 503; x_wconf 76' lang='lat' dir='ltr'>religiosorum</span> <span class='ocrx_word' id='word_1_62' title='bbox 1350 462 1490 495; x_wconf 79' lang='lat' dir='ltr'>virorum</span> <span class='ocrx_word' id='word_1_63' title='bbox 1506 464 1660 497; x_wconf 71' lang='lat' dir='ltr'>Altissinii</span> <span class='ocrx_word' id='word_1_64' title='bbox 1676 466 1841 509; x_wconf 72' lang='lat' dir='ltr'>obsequiis</span> 
     </span>
    </p>
   </div>
   <div class='ocr_carea' id='block_1_9' title="bbox 321 514 1063 610">
    <p class='ocr_par' dir='ltr' id='par_1_9' title="bbox 321 514 1063 610">
     <span class='ocr_line' id='line_1_15' title="bbox 321 514 1063 558; baseline 0 -11"><span class='ocrx_word' id='word_1_65' title='bbox 321 516 507 558; x_wconf 77' lang='lat' dir='ltr'>apostolica,</span> <span class='ocrx_word' id='word_1_66' title='bbox 525 516 574 548; x_wconf 74' lang='lat' dir='ltr'>vel</span> <span class='ocrx_word' id='word_1_67' title='bbox 591 515 709 558; x_wconf 59' lang='lat' dir='ltr'>quavis</span> <span class='ocrx_word' id='word_1_68' title='bbox 721 515 871 547; x_wconf 70' lang='lat' dir='ltr'>firmitate</span> <span class='ocrx_word' id='word_1_69' title='bbox 891 514 1063 547; x_wconf 65' lang='grc'><strong>3115110110-</strong></span> 
     </span>
     <span class='ocr_line' id='line_1_16' title="bbox 322 567 1063 610; baseline -0.001 -10"><span class='ocrx_word' id='word_1_70' title='bbox 322 569 418 608; x_wconf 82' lang='lat' dir='ltr'>ratis,</span> <span class='ocrx_word' id='word_1_71' title='bbox 440 569 567 601; x_wconf 88' lang='lat' dir='ltr'>statutis</span> <span class='ocrx_word' id='word_1_72' title='bbox 586 574 617 601; x_wconf 90' lang='lat' dir='ltr'>et</span> <span class='ocrx_word' id='word_1_73' title='bbox 635 568 940 607; x_wconf 84' lang='lat' dir='ltr'>consuetudinilms,</span> <span class='ocrx_word' id='word_1_74' title='bbox 967 567 1063 610; x_wconf 79' lang='lat' dir='ltr'>priri-</span> 
     </span>
    </p>
   </div>
   <div class='ocr_carea' id='block_1_10' title="bbox 321 621 1085 665">
    <p class='ocr_par' dir='ltr' id='par_1_10' title="bbox 321 621 1085 665">
     <span class='ocr_line' id='line_1_17' title="bbox 321 621 1085 665; baseline 0 -11"><span class='ocrx_word' id='word_1_75' title='bbox 321 621 415 663; x_wconf 80' lang='lat' dir='ltr'>legiis</span> <span class='ocrx_word' id='word_1_76' title='bbox 434 632 574 665; x_wconf 86' lang='lat' dir='ltr'>quoque,</span> <span class='ocrx_word' id='word_1_77' title='bbox 590 621 724 654; x_wconf 90' lang='lat' dir='ltr'>indultis</span> <span class='ocrx_word' id='word_1_78' title='bbox 746 626 776 653; x_wconf 88' lang='lat' dir='ltr'>ct</span> <span class='ocrx_word' id='word_1_79' title='bbox 798 621 915 654; x_wconf 82' lang='lat' dir='ltr'>litteris</span> <span class='ocrx_word' id='word_1_80' title='bbox 934 626 1085 664; x_wconf 65' lang='lat' dir='ltr'>aposto-2</span> 
     </span>
    </p>
   </div>
   <div class='ocr_carea' id='block_1_11' title="bbox 320 675 1064 1872">
    <p class='ocr_par' dir='ltr' id='par_1_11' title="bbox 320 675 1064 1197">
     <span class='ocr_line' id='line_1_18' title="bbox 322 675 1064 718; baseline 0.001 -11"><span class='ocrx_word' id='word_1_81' title='bbox 322 675 393 708; x_wconf 86' lang='lat' dir='ltr'>licis</span> <span class='ocrx_word' id='word_1_82' title='bbox 424 676 456 707; x_wconf 90' lang='lat' dir='ltr'>in</span> <span class='ocrx_word' id='word_1_83' title='bbox 483 675 683 708; x_wconf 87' lang='lat' dir='ltr'>contrarium</span> <span class='ocrx_word' id='word_1_84' title='bbox 709 675 963 718; x_wconf 78' lang='lat' dir='ltr'>praemissorum</span> <span class='ocrx_word' id='word_1_85' title='bbox 983 685 1064 717; x_wconf 88' lang='lat' dir='ltr'>quo-</span> 
     </span>
     <span class='ocr_line' id='line_1_19' title="bbox 322 728 1063 768; baseline 0 -8"><span class='ocrx_word' id='word_1_86' title='bbox 322 728 501 762; x_wconf 78' lang='lat' dir='ltr'>modolibet</span> <span class='ocrx_word' id='word_1_87' title='bbox 535 729 708 768; x_wconf 73' lang='lat' dir='ltr'>concessis,</span> <span class='ocrx_word' id='word_1_88' title='bbox 736 729 932 761; x_wconf 70' lang='lat' dir='ltr'>confirmatis</span> <span class='ocrx_word' id='word_1_89' title='bbox 959 734 986 760; x_wconf 84' lang='lat' dir='ltr'>ct</span> <span class='ocrx_word' id='word_1_90' title='bbox 1016 728 1063 759; x_wconf 91' lang='lat' dir='ltr'>in-</span> 
     </span>
     <span class='ocr_line' id='line_1_20' title="bbox 321 781 1061 825; baseline 0.001 -11"><span class='ocrx_word' id='word_1_91' title='bbox 321 781 471 821; x_wconf 70' lang='lat' dir='ltr'>novatis,</span> <span class='ocrx_word' id='word_1_92' title='bbox 507 781 626 825; x_wconf 88' lang='lat' dir='ltr'>quibus</span> <span class='ocrx_word' id='word_1_93' title='bbox 659 782 810 814; x_wconf 88' lang='lat' dir='ltr'>omnihus</span> <span class='ocrx_word' id='word_1_94' title='bbox 839 788 869 815; x_wconf 80' lang='lat' dir='ltr'>et</span> <span class='ocrx_word' id='word_1_95' title='bbox 902 782 1061 824; x_wconf 73' lang='lat' dir='ltr'>singulis,</span> 
     </span>
     <span class='ocr_line' id='line_1_21' title="bbox 320 834 1062 878; baseline 0.001 -12"><span class='ocrx_word' id='word_1_96' title='bbox 320 834 451 867; x_wconf 88' lang='lat' dir='ltr'>illorum</span> <span class='ocrx_word' id='word_1_97' title='bbox 477 839 605 867; x_wconf 78' lang='lat' dir='ltr'>tenores</span> <span class='ocrx_word' id='word_1_98' title='bbox 634 835 857 877; x_wconf 82' lang='lat' dir='ltr'>praesentibus</span> <span class='ocrx_word' id='word_1_99' title='bbox 883 845 940 877; x_wconf 88' lang='lat' dir='ltr'>pro</span> <span class='ocrx_word' id='word_1_100' title='bbox 964 836 1062 878; x_wconf 81' lang='lat' dir='ltr'>plene</span> 
     </span>
     <span class='ocr_line' id='line_1_22' title="bbox 321 887 1062 930; baseline 0.003 -11"><span class='ocrx_word' id='word_1_101' title='bbox 321 893 352 920; x_wconf 89' lang='lat' dir='ltr'>ct</span> <span class='ocrx_word' id='word_1_102' title='bbox 377 887 577 920; x_wconf 84' lang='lat' dir='ltr'>sufficienter</span> <span class='ocrx_word' id='word_1_103' title='bbox 602 888 764 930; x_wconf 83' lang='lat' dir='ltr'>expressis</span> <span class='ocrx_word' id='word_1_104' title='bbox 785 899 821 921; x_wconf 86' lang='lat' dir='ltr'>ac</span> <span class='ocrx_word' id='word_1_105' title='bbox 846 888 884 921; x_wconf 92' lang='lat' dir='ltr'>dc</span> <span class='ocrx_word' id='word_1_106' title='bbox 904 890 1005 921; x_wconf 73' lang='lat' dir='ltr'>verbo</span> <span class='ocrx_word' id='word_1_107' title='bbox 1023 889 1062 921; x_wconf 85' lang='lat' dir='ltr'>ad</span> 
     </span>
     <span class='ocr_line' id='line_1_23' title="bbox 321 940 1061 981; baseline 0.004 -9"><span class='ocrx_word' id='word_1_108' title='bbox 321 941 454 973; x_wconf 80' lang='lat' dir='ltr'>verbum</span> <span class='ocrx_word' id='word_1_109' title='bbox 480 940 611 974; x_wconf 87' lang='lat' dir='ltr'>insertis</span> <span class='ocrx_word' id='word_1_110' title='bbox 638 941 807 981; x_wconf 85' lang='lat' dir='ltr'>habentes,</span> <span class='ocrx_word' id='word_1_111' title='bbox 834 941 898 974; x_wconf 87' lang='lat' dir='ltr'>illis</span> <span class='ocrx_word' id='word_1_112' title='bbox 923 941 1003 975; x_wconf 72' lang='lat' dir='ltr'>alias</span> <span class='ocrx_word' id='word_1_113' title='bbox 1029 942 1061 975; x_wconf 91' lang='lat' dir='ltr'>in</span> 
     </span>
     <span class='ocr_line' id='line_1_24' title="bbox 320 994 1063 1037; baseline 0.003 -11"><span class='ocrx_word' id='word_1_114' title='bbox 320 1004 378 1026; x_wconf 89' lang='lat' dir='ltr'>suo</span> <span class='ocrx_word' id='word_1_115' title='bbox 404 994 523 1026; x_wconf 85' lang='lat' dir='ltr'>robore</span> <span class='ocrx_word' id='word_1_116' title='bbox 549 995 783 1036; x_wconf 76' lang='lat' dir='ltr'>permansuris,</span> <span class='ocrx_word' id='word_1_117' title='bbox 809 995 847 1027; x_wconf 86' lang='lat' dir='ltr'>ad</span> <span class='ocrx_word' id='word_1_118' title='bbox 870 995 1063 1037; x_wconf 86' lang='lat' dir='ltr'>praemisso-</span> 
     </span>
     <span class='ocr_line' id='line_1_25' title="bbox 321 1045 1061 1090; baseline 0.003 -12"><span class='ocrx_word' id='word_1_119' title='bbox 321 1057 391 1078; x_wconf 86' lang='lat' dir='ltr'>rum</span> <span class='ocrx_word' id='word_1_120' title='bbox 417 1045 578 1087; x_wconf 75' lang='lat' dir='ltr'>effectum,</span> <span class='ocrx_word' id='word_1_121' title='bbox 605 1047 665 1079; x_wconf 83' lang='lat' dir='ltr'>hac</span> <span class='ocrx_word' id='word_1_122' title='bbox 689 1047 757 1079; x_wconf 79' lang='lat' dir='ltr'>vice</span> <span class='ocrx_word' id='word_1_123' title='bbox 785 1047 959 1086; x_wconf 77' lang='lat' dir='ltr'>dumtaxat,</span> <span class='ocrx_word' id='word_1_124' title='bbox 988 1059 1061 1090; x_wconf 88' lang='lat' dir='ltr'>spe-</span> 
     </span>
     <span class='ocr_line' id='line_1_26' title="bbox 321 1099 1061 1142; baseline 0.004 -11"><span class='ocrx_word' id='word_1_125' title='bbox 321 1099 447 1132; x_wconf 79' lang='lat' dir='ltr'>cialiter</span> <span class='ocrx_word' id='word_1_126' title='bbox 471 1104 502 1132; x_wconf 87' lang='lat' dir='ltr'>et</span> <span class='ocrx_word' id='word_1_127' title='bbox 519 1110 673 1142; x_wconf 74' lang='lat' dir='ltr'>expresse</span> <span class='ocrx_word' id='word_1_128' title='bbox 692 1101 902 1142; x_wconf 73' lang='lat' dir='ltr'>derogamus,</span> <span class='ocrx_word' id='word_1_129' title='bbox 930 1101 1061 1134; x_wconf 86' lang='lat' dir='ltr'>ceteris-</span> 
     </span>
     <span class='ocr_line' id='line_1_27' title="bbox 322 1153 875 1197; baseline 0.004 -13"><span class='ocrx_word' id='word_1_130' title='bbox 322 1162 383 1195; x_wconf 90' lang='lat' dir='ltr'>que</span> <span class='ocrx_word' id='word_1_131' title='bbox 408 1153 577 1185; x_wconf 83' lang='lat' dir='ltr'>contrariis</span> <span class='ocrx_word' id='word_1_132' title='bbox 603 1153 875 1197; x_wconf 77' lang='lat' dir='ltr'>quibuscumque.</span> 
     </span>
    </p>

    <p class='ocr_par' dir='ltr' id='par_1_12' title="bbox 322 1204 1064 1661">
     <span class='ocr_line' id='line_1_28' title="bbox 368 1204 1058 1247; baseline 0.004 -10"><span class='ocrx_word' id='word_1_133' title='bbox 368 1207 382 1247; x_wconf 67' lang='lat'>{</span> <span class='ocrx_word' id='word_1_134' title='bbox 419 1204 449 1237; x_wconf 84' lang='lat'>5.</span> <span class='ocrx_word' id='word_1_135' title='bbox 478 1205 635 1238; x_wconf 73' lang='lat' dir='ltr'>Volumus</span> <span class='ocrx_word' id='word_1_136' title='bbox 670 1210 778 1238; x_wconf 83' lang='lat' dir='ltr'>autem</span> <span class='ocrx_word' id='word_1_137' title='bbox 807 1211 842 1238; x_wconf 91' lang='lat' dir='ltr'>ut</span> <span class='ocrx_word' id='word_1_138' title='bbox 875 1208 1058 1240; x_wconf 86' lang='lat' dir='ltr'>earumdem</span> 
     </span>
     <span class='ocr_line' id='line_1_29' title="bbox 323 1258 1061 1303; baseline 0.004 -13"><span class='ocrx_word' id='word_1_139' title='bbox 323 1258 547 1301; x_wconf 88' lang='lat' dir='ltr'>praesentium</span> <span class='ocrx_word' id='word_1_140' title='bbox 569 1258 750 1292; x_wconf 87' lang='lat' dir='ltr'>litterarum</span> <span class='ocrx_word' id='word_1_141' title='bbox 769 1260 989 1303; x_wconf 76' lang='lat' dir='ltr'>transumptis,</span> <span class='ocrx_word' id='word_1_142' title='bbox 1004 1271 1061 1294; x_wconf 84' lang='lat' dir='ltr'>seu</span> 
     </span>
     <span class='ocr_line' id='line_1_30' title="bbox 323 1311 1062 1354; baseline 0.004 -12"><span class='ocrx_word' id='word_1_143' title='bbox 323 1311 490 1352; x_wconf 59' lang='lat' dir='ltr'>exemplis</span> <span class='ocrx_word' id='word_1_144' title='bbox 508 1311 604 1343; x_wconf 87' lang='lat' dir='ltr'>etiam</span> <span class='ocrx_word' id='word_1_145' title='bbox 623 1311 801 1354; x_wconf 84' lang='lat' dir='ltr'>impressis,</span> <span class='ocrx_word' id='word_1_146' title='bbox 815 1323 910 1344; x_wconf 86' lang='lat' dir='ltr'>manu</span> <span class='ocrx_word' id='word_1_147' title='bbox 929 1313 1062 1346; x_wconf 85' lang='lat' dir='ltr'>alicuius</span> 
     </span>
     <span class='ocr_line' id='line_1_31' title="bbox 322 1362 1062 1407; baseline 0.005 -12"><span class='ocrx_word' id='word_1_148' title='bbox 322 1362 441 1395; x_wconf 82' lang='lat' dir='ltr'>notarii</span> <span class='ocrx_word' id='word_1_149' title='bbox 478 1363 602 1406; x_wconf 86' lang='lat' dir='ltr'>publici</span> <span class='ocrx_word' id='word_1_150' title='bbox 639 1363 850 1407; x_wconf 84' lang='lat' dir='ltr'>subscriptis,</span> <span class='ocrx_word' id='word_1_151' title='bbox 890 1370 921 1397; x_wconf 89' lang='lat' dir='ltr'>et</span> <span class='ocrx_word' id='word_1_152' title='bbox 957 1365 1062 1407; x_wconf 68' lang='lat' dir='ltr'>sigillo</span> 
     </span>
     <span class='ocr_line' id='line_1_32' title="bbox 322 1415 1064 1459; baseline 0.004 -12"><span class='ocrx_word' id='word_1_153' title='bbox 322 1425 480 1458; x_wconf 79' lang='lat' dir='ltr'>personae</span> <span class='ocrx_word' id='word_1_154' title='bbox 505 1415 537 1448; x_wconf 94' lang='lat' dir='ltr'>in</span> <span class='ocrx_word' id='word_1_155' title='bbox 564 1416 786 1449; x_wconf 78' lang='lat' dir='ltr'>ecclesiastica</span> <span class='ocrx_word' id='word_1_156' title='bbox 811 1417 969 1459; x_wconf 74' lang='lat' dir='ltr'>dignitate</span> <span class='ocrx_word' id='word_1_157' title='bbox 990 1428 1064 1450; x_wconf 84' lang='lat' dir='ltr'>con-</span> 
     </span>
     <span class='ocr_line' id='line_1_33' title="bbox 323 1468 1062 1512; baseline 0.005 -12"><span class='ocrx_word' id='word_1_158' title='bbox 323 1468 454 1501; x_wconf 83' lang='lat' dir='ltr'>stitutae</span> <span class='ocrx_word' id='word_1_159' title='bbox 491 1468 633 1508; x_wconf 85' lang='lat' dir='ltr'>munitis,</span> <span class='ocrx_word' id='word_1_160' title='bbox 660 1470 772 1502; x_wconf 86' lang='lat' dir='ltr'>eadem</span> <span class='ocrx_word' id='word_1_161' title='bbox 810 1480 944 1512; x_wconf 86' lang='lat' dir='ltr'>prorsus</span> <span class='ocrx_word' id='word_1_162' title='bbox 981 1470 1062 1504; x_wconf 81' lang='lat' dir='ltr'>sides</span> 
     </span>
     <span class='ocr_line' id='line_1_34' title="bbox 323 1521 1062 1567; baseline 0.005 -14"><span class='ocrx_word' id='word_1_163' title='bbox 323 1521 357 1553; x_wconf 89' lang='lat' dir='ltr'>in</span> <span class='ocrx_word' id='word_1_164' title='bbox 382 1521 504 1555; x_wconf 82' lang='lat' dir='ltr'>iudicio</span> <span class='ocrx_word' id='word_1_165' title='bbox 531 1527 563 1555; x_wconf 89' lang='lat' dir='ltr'>et</span> <span class='ocrx_word' id='word_1_166' title='bbox 587 1527 676 1555; x_wconf 83' lang='lat' dir='ltr'>extra</span> <span class='ocrx_word' id='word_1_167' title='bbox 692 1522 773 1556; x_wconf 89' lang='lat' dir='ltr'>illud</span> <span class='ocrx_word' id='word_1_168' title='bbox 793 1523 960 1564; x_wconf 82' lang='lat' dir='ltr'>habeatur,</span> <span class='ocrx_word' id='word_1_169' title='bbox 980 1535 1062 1567; x_wconf 87' lang='lat' dir='ltr'>quae</span> 
     </span>
     <span class='ocr_line' id='line_1_35' title="bbox 324 1574 1064 1617; baseline 0.005 -11"><span class='ocrx_word' id='word_1_170' title='bbox 324 1574 404 1617; x_wconf 84' lang='lat' dir='ltr'>ipsis</span> <span class='ocrx_word' id='word_1_171' title='bbox 430 1575 659 1617; x_wconf 82' lang='lat' dir='ltr'>praesentibus</span> <span class='ocrx_word' id='word_1_172' title='bbox 696 1575 873 1608; x_wconf 77' lang='lat' dir='ltr'>haberetur</span> <span class='ocrx_word' id='word_1_173' title='bbox 903 1576 928 1609; x_wconf 91' lang='lat' dir='ltr'>si</span> <span class='ocrx_word' id='word_1_174' title='bbox 955 1577 1064 1610; x_wconf 80' lang='lat' dir='ltr'>forent</span> 
     </span>
     <span class='ocr_line' id='line_1_36' title="bbox 326 1627 751 1661; baseline 0.005 -2"><span class='ocrx_word' id='word_1_175' title='bbox 326 1627 489 1660; x_wconf 81' lang='lat' dir='ltr'>exhibitae</span> <span class='ocrx_word' id='word_1_176' title='bbox 516 1628 564 1660; x_wconf 88' lang='lat' dir='ltr'>vel</span> <span class='ocrx_word' id='word_1_177' title='bbox 588 1633 751 1661; x_wconf 82' lang='lat' dir='ltr'>ostensae.</span> 
     </span>
    </p>

    <p class='ocr_par' dir='ltr' id='par_1_13' title="bbox 324 1679 1063 1872">
     <span class='ocr_line' id='line_1_37' title="bbox 368 1679 1063 1724; baseline 0.004 -12"><span class='ocrx_word' id='word_1_178' title='bbox 368 1679 480 1712; x_wconf 84' lang='lat' dir='ltr'>Datum</span> <span class='ocrx_word' id='word_1_179' title='bbox 505 1679 636 1719; x_wconf 84' lang='lat' dir='ltr'>Romae,</span> <span class='ocrx_word' id='word_1_180' title='bbox 667 1681 751 1724; x_wconf 87' lang='lat' dir='ltr'>apud</span> <span class='ocrx_word' id='word_1_181' title='bbox 787 1681 817 1714; x_wconf 82' lang='lat' dir='ltr'>S.</span> <span class='ocrx_word' id='word_1_182' title='bbox 846 1682 975 1715; x_wconf 87' lang='lat' dir='ltr'>Mariam</span> <span class='ocrx_word' id='word_1_183' title='bbox 1002 1683 1063 1715; x_wconf 82' lang='lat' dir='ltr'>Ma-</span> 
     </span>
     <span class='ocr_line' id='line_1_38' title="bbox 325 1733 1061 1775; baseline 0.007 -11"><span class='ocrx_word' id='word_1_184' title='bbox 325 1733 442 1773; x_wconf 84' lang='lat' dir='ltr'>iorem,</span> <span class='ocrx_word' id='word_1_185' title='bbox 468 1734 527 1765; x_wconf 81' lang='lat' dir='ltr'>sub</span> <span class='ocrx_word' id='word_1_186' title='bbox 563 1735 685 1766; x_wconf 83' lang='lat' dir='ltr'>annulo</span> <span class='ocrx_word' id='word_1_187' title='bbox 707 1734 881 1767; x_wconf 76' lang='lat' dir='ltr'>piscatoris</span> <span class='ocrx_word' id='word_1_188' title='bbox 903 1763 909 1775; x_wconf 91' lang='lat'>,</span> <span class='ocrx_word' id='word_1_189' title='bbox 945 1736 995 1769; x_wconf 91' lang='lat' dir='ltr'>die</span> <span class='ocrx_word' id='word_1_190' title='bbox 1021 1747 1061 1770; x_wconf 78' lang='grc'>111</span> 
     </span>
     <span class='ocr_line' id='line_1_39' title="bbox 324 1785 1061 1830; baseline 0.005 -12"><span class='ocrx_word' id='word_1_191' title='bbox 324 1785 466 1819; x_wconf 82' lang='lat' dir='ltr'>octobris</span> <span class='ocrx_word' id='word_1_192' title='bbox 490 1795 615 1826; x_wconf 76' lang='lat' dir='ltr'>Mocxc,</span> <span class='ocrx_word' id='word_1_193' title='bbox 643 1787 851 1830; x_wconf 76' lang='lat' dir='ltr'>pontificatus</span> <span class='ocrx_word' id='word_1_194' title='bbox 877 1789 981 1821; x_wconf 83' lang='lat' dir='ltr'>nostri</span> <span class='ocrx_word' id='word_1_195' title='bbox 1007 1800 1061 1822; x_wconf 84' lang='lat' dir='ltr'>an·</span> 
     </span>
     <span class='ocr_line' id='line_1_40' title="bbox 325 1849 416 1872; baseline -0.011 0"><span class='ocrx_word' id='word_1_196' title='bbox 325 1849 367 1872; x_wconf 89' lang='lat' dir='ltr'>no</span> <span class='ocrx_word' id='word_1_197' title='bbox 394 1850 416 1872; x_wconf 88' lang='lat'>1.</span> 
     </span>
    </p>
   </div>
   <div class='ocr_carea' id='block_1_12' title="bbox 358 1908 990 1946">
    <p class='ocr_par' dir='ltr' id='par_1_14' title="bbox 358 1908 990 1946">
     <span class='ocr_line' id='line_1_41' title="bbox 358 1908 990 1946; baseline 0.006 -10"><span class='ocrx_word' id='word_1_198' title='bbox 358 1908 416 1936; x_wconf 85' lang='lat' dir='ltr'>Dat.</span> <span class='ocrx_word' id='word_1_199' title='bbox 435 1908 478 1936; x_wconf 87' lang='lat' dir='ltr'>die</span> <span class='ocrx_word' id='word_1_200' title='bbox 494 1909 508 1937; x_wconf 89' lang='lat'><strong>7</strong></span> <span class='ocrx_word' id='word_1_201' title='bbox 530 1910 649 1938; x_wconf 85' lang='lat' dir='ltr'>octobris</span> <span class='ocrx_word' id='word_1_202' title='bbox 669 1910 746 1942; x_wconf 79' lang='lat'>1690,</span> <span class='ocrx_word' id='word_1_203' title='bbox 765 1911 861 1946; x_wconf 80' lang='lat' dir='ltr'>pontif.</span> <span class='ocrx_word' id='word_1_204' title='bbox 879 1919 950 1939; x_wconf 87' lang='lat' dir='ltr'>auno</span> <span class='ocrx_word' id='word_1_205' title='bbox 970 1919 990 1940; x_wconf 90' lang='lat'>1.</span> 
     </span>
    </p>
   </div>
   <div class='ocr_carea' id='block_1_13' title="bbox 555 2104 827 2150">
    <p class='ocr_par' dir='ltr' id='par_1_15' title="bbox 555 2104 827 2150">
     <span class='ocr_line' id='line_1_42' title="bbox 555 2104 827 2150; baseline 0.004 -11"><span class='ocrx_word' id='word_1_206' title='bbox 555 2105 652 2139; x_wconf 79' lang='lat' dir='ltr'>xxix</span> <span class='ocrx_word' id='word_1_207' title='bbox 678 2105 736 2149; x_wconf 76' lang='grc' dir='ltr'>(αι.</span> <span class='ocrx_word' id='word_1_208' title='bbox 759 2104 827 2150; x_wconf 68' lang='lat'>28).</span> 
     </span>
    </p>
   </div>
   <div class='ocr_carea' id='block_1_14' title="bbox 323 2212 1060 2301">
    <p class='ocr_par' dir='ltr' id='par_1_16' title="bbox 323 2212 1060 2301">
     <span class='ocr_line' id='line_1_43' title="bbox 323 2212 1060 2256; baseline 0.003 -10"><span class='ocrx_word' id='word_1_209' title='bbox 323 2212 570 2256; x_wconf 78' lang='lat' dir='ltr'>Confirmanlur</span> <span class='ocrx_word' id='word_1_210' title='bbox 578 2213 820 2247; x_wconf 77' lang='lat' dir='ltr'>constitutiones</span> <span class='ocrx_word' id='word_1_211' title='bbox 831 2214 1060 2248; x_wconf 80' lang='lat' dir='ltr'>monachornm</span> 
     </span>
     <span class='ocr_line' id='line_1_44' title="bbox 538 2266 844 2301; baseline 0 -1"><span class='ocrx_word' id='word_1_212' title='bbox 538 2266 811 2301; x_wconf 74' lang='lat' dir='ltr'>Silvestrinornm</span> <span class='ocrx_word' id='word_1_213' title='bbox 824 2266 844 2300; x_wconf 89' lang='lat'>¹.</span> 
     </span>
    </p>
   </div>
   <div class='ocr_carea' id='block_1_15' title="bbox 324 2370 1063 2630">
    <p class='ocr_par' dir='ltr' id='par_1_17' title="bbox 324 2370 1063 2630">
     <span class='ocr_line' id='line_1_45' title="bbox 360 2370 1062 2410; baseline 0.003 -10"><span class='ocrx_word' id='word_1_214' title='bbox 360 2375 370 2400; x_wconf 84' lang='grc'>1</span> <span class='ocrx_word' id='word_1_215' title='bbox 394 2374 544 2402; x_wconf 81' lang='lat' dir='ltr'>Nonnullae</span> <span class='ocrx_word' id='word_1_216' title='bbox 569 2373 637 2402; x_wconf 85' lang='lat' dir='ltr'>aliae</span> <span class='ocrx_word' id='word_1_217' title='bbox 666 2374 870 2402; x_wconf 83' lang='lat' dir='ltr'>constitutiones</span> <span class='ocrx_word' id='word_1_218' title='bbox 899 2370 1062 2410; x_wconf 80' lang='lat' dir='ltr'>approbatae</span> 
     </span>
     <span class='ocr_line' id='line_1_46' title="bbox 324 2418 1062 2454; baseline 0 -8"><span class='ocrx_word' id='word_1_219' title='bbox 324 2418 435 2446; x_wconf 80' lang='lat' dir='ltr'>fuerunt</span> <span class='ocrx_word' id='word_1_220' title='bbox 453 2419 486 2446; x_wconf 83' lang='lat' dir='ltr'>ab</span> <span class='ocrx_word' id='word_1_221' title='bbox 507 2419 663 2447; x_wconf 80' lang='lat' dir='ltr'>Innocentio</span> <span class='ocrx_word' id='word_1_222' title='bbox 682 2419 717 2446; x_wconf 88' lang='lat' dir='ltr'>Xl</span> <span class='ocrx_word' id='word_1_223' title='bbox 738 2423 823 2446; x_wconf 84' lang='lat' dir='ltr'>const.</span> <span class='ocrx_word' id='word_1_224' title='bbox 840 2419 882 2446; x_wconf 89' lang='lat' dir='ltr'>ed.</span> <span class='ocrx_word' id='word_1_225' title='bbox 899 2426 1062 2454; x_wconf 79' lang='lat' dir='ltr'>MDCLxxxul,</span> 
     </span>
     <span class='ocr_line' id='line_1_47' title="bbox 325 2462 1061 2498; baseline 0 -9"><span class='ocrx_word' id='word_1_226' title='bbox 325 2463 368 2489; x_wconf 90' lang='lat' dir='ltr'>die</span> <span class='ocrx_word' id='word_1_227' title='bbox 389 2464 421 2490; x_wconf 88' lang='grc'>15</span> <span class='ocrx_word' id='word_1_228' title='bbox 441 2463 575 2495; x_wconf 85' lang='lat' dir='ltr'>ianuarii,</span> <span class='ocrx_word' id='word_1_229' title='bbox 597 2463 685 2498; x_wconf 82' lang='lat' dir='ltr'>pontif</span> <span class='ocrx_word' id='word_1_230' title='bbox 709 2470 763 2496; x_wconf 79' lang='lat' dir='ltr'>V113</span> <span class='ocrx_word' id='word_1_231' title='bbox 785 2467 812 2489; x_wconf 80' lang='lat' dir='ltr'>et</span> <span class='ocrx_word' id='word_1_232' title='bbox 838 2471 853 2490; x_wconf 80' lang='lat' dir='ltr'>a</span> <span class='ocrx_word' id='word_1_233' title='bbox 872 2462 1011 2490; x_wconf 82' lang='lat' dir='ltr'>Clemente</span> <span class='ocrx_word' id='word_1_234' title='bbox 1032 2463 1061 2490; x_wconf 80' lang='lat' dir='ltr'>Xl</span> 
     </span>
     <span class='ocr_line' id='line_1_48' title="bbox 325 2507 1062 2543; baseline 0.001 -10"><span class='ocrx_word' id='word_1_235' title='bbox 325 2507 512 2534; x_wconf 80' lang='lat' dir='ltr'>confirmatum</span> <span class='ocrx_word' id='word_1_236' title='bbox 532 2508 579 2534; x_wconf 85' lang='lat' dir='ltr'>fuit</span> <span class='ocrx_word' id='word_1_237' title='bbox 599 2507 734 2543; x_wconf 85' lang='lat' dir='ltr'>quoddam</span> <span class='ocrx_word' id='word_1_238' title='bbox 755 2508 894 2534; x_wconf 87' lang='lat' dir='ltr'>decretum</span> <span class='ocrx_word' id='word_1_239' title='bbox 915 2516 1062 2543; x_wconf 80' lang='lat' dir='ltr'>congrega-</span> 
     </span>
     <span class='ocr_line' id='line_1_49' title="bbox 325 2550 1063 2586; baseline 0.004 -10"><span class='ocrx_word' id='word_1_240' title='bbox 325 2550 405 2577; x_wconf 81' lang='lat' dir='ltr'>tionis</span> <span class='ocrx_word' id='word_1_241' title='bbox 424 2552 559 2585; x_wconf 73' lang='lat' dir='ltr'>generatis</span> <span class='ocrx_word' id='word_1_242' title='bbox 586 2551 614 2578; x_wconf 87' lang='lat' dir='ltr'>in</span> <span class='ocrx_word' id='word_1_243' title='bbox 642 2555 727 2579; x_wconf 84' lang='lat' dir='ltr'>const.</span> <span class='ocrx_word' id='word_1_244' title='bbox 758 2552 801 2579; x_wconf 86' lang='lat' dir='ltr'>ed.</span> <span class='ocrx_word' id='word_1_245' title='bbox 822 2558 925 2579; x_wconf 78' lang='lat' dir='ltr'>Moccxx</span> <span class='ocrx_word' id='word_1_246' title='bbox 941 2572 947 2586; x_wconf 91' lang='lat'>,</span> <span class='ocrx_word' id='word_1_247' title='bbox 965 2552 1007 2579; x_wconf 88' lang='lat' dir='ltr'>die</span> <span class='ocrx_word' id='word_1_248' title='bbox 1030 2553 1063 2580; x_wconf 72' lang='lat'>20</span> 
     </span>
     <span class='ocr_line' id='line_1_50' title="bbox 325 2594 572 2630; baseline -0.004 -8"><span class='ocrx_word' id='word_1_249' title='bbox 325 2594 398 2627; x_wconf 78' lang='lat' dir='ltr'>maii,</span> <span class='ocrx_word' id='word_1_250' title='bbox 414 2595 508 2630; x_wconf 77' lang='lat' dir='ltr'>pontif.</span> <span class='ocrx_word' id='word_1_251' title='bbox 530 2603 572 2623; x_wconf 73' lang='lat' dir='ltr'>xx.</span> 
     </span>
    </p>
   </div>
   <div class='ocr_carea' id='block_1_16' title="bbox 1105 515 1844 773">
    <p class='ocr_par' dir='ltr' id='par_1_18' title="bbox 1105 515 1844 773">
     <span class='ocr_line' id='line_1_51' title="bbox 1105 515 1841 553; baseline 0.007 -7"><span class='ocrx_word' id='word_1_252' title='bbox 1105 515 1164 546; x_wconf 87' lang='lat' dir='ltr'>suh</span> <span class='ocrx_word' id='word_1_253' title='bbox 1191 515 1345 548; x_wconf 82' lang='lat' dir='ltr'>laudabili</span> <span class='ocrx_word' id='word_1_254' title='bbox 1365 515 1447 548; x_wconf 81' lang='lat' dir='ltr'>ritae</span> <span class='ocrx_word' id='word_1_255' title='bbox 1470 517 1665 551; x_wconf 70' lang='lat' dir='ltr'>monasticae</span> <span class='ocrx_word' id='word_1_256' title='bbox 1691 519 1841 553; x_wconf 79' lang='lat' dir='ltr'>instituto</span> 
     </span>
     <span class='ocr_line' id='line_1_52' title="bbox 1105 567 1842 611; baseline 0.009 -13"><span class='ocrx_word' id='word_1_257' title='bbox 1105 567 1359 610; x_wconf 80' lang='lat' dir='ltr'>mancipatorum</span> <span class='ocrx_word' id='word_1_258' title='bbox 1384 569 1541 611; x_wconf 65' lang='lat' dir='ltr'>regimine</span> <span class='ocrx_word' id='word_1_259' title='bbox 1569 575 1599 602; x_wconf 84' lang='lat' dir='ltr'>et</span> <span class='ocrx_word' id='word_1_260' title='bbox 1627 570 1657 602; x_wconf 92' lang='lat' dir='ltr'>in</span> <span class='ocrx_word' id='word_1_261' title='bbox 1685 571 1733 604; x_wconf 80' lang='lat' dir='ltr'>ria</span> <span class='ocrx_word' id='word_1_262' title='bbox 1759 584 1842 605; x_wconf 79' lang='lat' dir='ltr'>nian-</span> 
     </span>
     <span class='ocr_line' id='line_1_53' title="bbox 1106 621 1844 666; baseline 0.009 -15"><span class='ocrx_word' id='word_1_263' title='bbox 1106 621 1251 652; x_wconf 85' lang='lat' dir='ltr'>datorum</span> <span class='ocrx_word' id='word_1_264' title='bbox 1278 621 1403 653; x_wconf 86' lang='lat' dir='ltr'>Domini</span> <span class='ocrx_word' id='word_1_265' title='bbox 1430 621 1619 662; x_wconf 79' lang='lat' dir='ltr'>directione,</span> <span class='ocrx_word' id='word_1_266' title='bbox 1638 624 1773 666; x_wconf 84' lang='lat' dir='ltr'>provide</span> <span class='ocrx_word' id='word_1_267' title='bbox 1794 636 1844 658; x_wconf 86' lang='lat' dir='ltr'>sa-</span> 
     </span>
     <span class='ocr_line' id='line_1_54' title="bbox 1106 674 1842 717; baseline 0.005 -11"><span class='ocrx_word' id='word_1_268' title='bbox 1106 674 1308 717; x_wconf 87' lang='lat' dir='ltr'>lubriterque</span> <span class='ocrx_word' id='word_1_269' title='bbox 1346 675 1522 708; x_wconf 84' lang='lat' dir='ltr'>constituta</span> <span class='ocrx_word' id='word_1_270' title='bbox 1548 686 1618 709; x_wconf 86' lang='lat' dir='ltr'>esse</span> <span class='ocrx_word' id='word_1_271' title='bbox 1646 684 1842 717; x_wconf 85' lang='lat' dir='ltr'>noscuntur,</span> 
     </span>
     <span class='ocr_line' id='line_1_55' title="bbox 1107 726 1844 773; baseline 0.007 -15"><span class='ocrx_word' id='word_1_272' title='bbox 1107 732 1141 758; x_wconf 90' lang='lat' dir='ltr'>ut</span> <span class='ocrx_word' id='word_1_273' title='bbox 1165 726 1255 759; x_wconf 80' lang='lat' dir='ltr'>firma</span> <span class='ocrx_word' id='word_1_274' title='bbox 1287 738 1418 770; x_wconf 81' lang='lat' dir='ltr'>semper</span> <span class='ocrx_word' id='word_1_275' title='bbox 1450 733 1545 771; x_wconf 88' lang='lat' dir='ltr'>atque</span> <span class='ocrx_word' id='word_1_276' title='bbox 1582 729 1708 762; x_wconf 87' lang='lat' dir='ltr'>illibata</span> <span class='ocrx_word' id='word_1_277' title='bbox 1742 731 1844 773; x_wconf 80' lang='lat' dir='ltr'>persi-</span> 
     </span>
    </p>
   </div>
   <div class='ocr_carea' id='block_1_17' title="bbox 1084 780 1843 822">
    <p class='ocr_par' dir='ltr' id='par_1_19' title="bbox 1084 780 1843 822">
     <span class='ocr_line' id='line_1_56' title="bbox 1084 780 1843 822; baseline 0.008 -12"><span class='ocrx_word' id='word_1_278' title='bbox 1084 806 1085 809; x_wconf 74' lang='grc'>,</span> <span class='ocrx_word' id='word_1_279' title='bbox 1106 785 1211 818; x_wconf 80' lang='lat' dir='ltr'>stant,</span> <span class='ocrx_word' id='word_1_280' title='bbox 1236 780 1407 822; x_wconf 61' lang='lat' dir='ltr'>apt-›stolici</span> <span class='ocrx_word' id='word_1_281' title='bbox 1434 781 1625 814; x_wconf 86' lang='lat' dir='ltr'>muniminis</span> <span class='ocrx_word' id='word_1_282' title='bbox 1641 809 1648 822; x_wconf 98' lang='lat'>,</span> <span class='ocrx_word' id='word_1_283' title='bbox 1673 793 1743 815; x_wconf 86' lang='lat' dir='ltr'>cum</span> <span class='ocrx_word' id='word_1_284' title='bbox 1770 784 1801 816; x_wconf 89' lang='lat' dir='ltr'>id</span> <span class='ocrx_word' id='word_1_285' title='bbox 1827 796 1843 816; x_wconf 87' lang='lat' dir='ltr'>a</span> 
     </span>
    </p>
   </div>
   <div class='ocr_carea' id='block_1_18' title="bbox 1084 249 1086 1965">
    <p class='ocr_par' dir='ltr' id='par_1_20' title="bbox 1084 249 1086 1965">
     <span class='ocr_line' id='line_1_57' title="bbox 1084 249 1086 1965; baseline 0 0"><span class='ocrx_word' id='word_1_286' title='bbox 1084 249 1086 1965; x_wconf 95' lang='lat' dir='ltr'> </span> 
     </span>
    </p>
   </div>
   <div class='ocr_carea' id='block_1_19' title="bbox 1104 833 2036 1623">
    <p class='ocr_par' dir='ltr' id='par_1_21' title="bbox 1105 833 1843 918">
     <span class='ocr_line' id='line_1_58' title="bbox 1106 833 1843 876; baseline 0.008 -12"><span class='ocrx_word' id='word_1_287' title='bbox 1106 833 1200 865; x_wconf 90' lang='lat' dir='ltr'>nobis</span> <span class='ocrx_word' id='word_1_288' title='bbox 1218 833 1351 875; x_wconf 73' lang='lat' dir='ltr'>petitur,</span> <span class='ocrx_word' id='word_1_289' title='bbox 1372 833 1533 876; x_wconf 83' lang='lat' dir='ltr'>praesidio</span> <span class='ocrx_word' id='word_1_290' title='bbox 1555 834 1695 869; x_wconf 85' lang='lat' dir='ltr'>libenter</span> <span class='ocrx_word' id='word_1_291' title='bbox 1720 842 1843 870; x_wconf 83' lang='lat' dir='ltr'>consta-</span> 
     </span>
     <span class='ocr_line' id='line_1_59' title="bbox 1105 885 1246 918; baseline 0 -1"><span class='ocrx_word' id='word_1_292' title='bbox 1105 885 1246 918; x_wconf 84' lang='lat' dir='ltr'>bilimus.</span> 
     </span>
    </p>

    <p class='ocr_par' dir='ltr' id='par_1_22' title="bbox 1104 938 2036 1623">
     <span class='ocr_line' id='line_1_60' title="bbox 1149 938 2036 985; baseline 0.009 -15"><span class='ocrx_word' id='word_1_293' title='bbox 1149 939 1163 982; x_wconf 64' lang='lat' dir='ltr'>g</span> <span class='ocrx_word' id='word_1_294' title='bbox 1189 939 1218 971; x_wconf 90' lang='lat' dir='ltr'>·l.</span> <span class='ocrx_word' id='word_1_295' title='bbox 1242 938 1366 982; x_wconf 79' lang='lat' dir='ltr'>Exponi</span> <span class='ocrx_word' id='word_1_296' title='bbox 1386 939 1545 983; x_wconf 85' lang='lat' dir='ltr'>siquidem</span> <span class='ocrx_word' id='word_1_297' title='bbox 1563 941 1657 974; x_wconf 86' lang='lat' dir='ltr'>nobis</span> <span class='ocrx_word' id='word_1_298' title='bbox 1682 953 1787 985; x_wconf 85' lang='lat' dir='ltr'>nuper</span> <span class='ocrx_word' id='word_1_299' title='bbox 1805 944 1843 977; x_wconf 79' lang='lat' dir='ltr'>fe-</span> <span class='ocrx_word' id='word_1_300' title='bbox 1864 956 2036 985; x_wconf 57' lang='lat' dir='ltr'>&gt;Haemum„-</span> 
     </span>
     <span class='ocr_line' id='line_1_61' title="bbox 1105 985 2036 1031; baseline 0.009 -8"><span class='ocrx_word' id='word_1_301' title='bbox 1105 997 1223 1024; x_wconf 88' lang='lat' dir='ltr'>cerunt</span> <span class='ocrx_word' id='word_1_302' title='bbox 1255 992 1365 1025; x_wconf 87' lang='lat' dir='ltr'>dilecti</span> <span class='ocrx_word' id='word_1_303' title='bbox 1398 993 1454 1026; x_wconf 78' lang='lat' dir='ltr'>tilii</span> <span class='ocrx_word' id='word_1_304' title='bbox 1481 994 1580 1027; x_wconf 85' lang='lat' dir='ltr'>abbas</span> <span class='ocrx_word' id='word_1_305' title='bbox 1606 994 1752 1028; x_wconf 84' lang='lat' dir='ltr'>Salvator</span> <span class='ocrx_word' id='word_1_306' title='bbox 1777 985 2036 1031; x_wconf 31' lang='lat' dir='ltr'>Sal-:ffefnffitffnx</span> 
     </span>
     <span class='ocr_line' id='line_1_62' title="bbox 1104 1037 2035 1092; baseline 0.008 -15"><span class='ocrx_word' id='word_1_307' title='bbox 1104 1046 1217 1086; x_wconf 81' lang='lat' dir='ltr'>vatori,</span> <span class='ocrx_word' id='word_1_308' title='bbox 1244 1052 1436 1089; x_wconf 83' lang='lat' dir='ltr'>procurator</span> <span class='ocrx_word' id='word_1_309' title='bbox 1460 1048 1625 1090; x_wconf 83' lang='lat' dir='ltr'>generalis</span> <span class='ocrx_word' id='word_1_310' title='bbox 1660 1037 2035 1092; x_wconf 50' lang='lat' dir='ltr'>Congrega-issii&#39;ifflss&#39;txfft‘i&#39;ifi</span> 
     </span>
     <span class='ocr_line' id='line_1_63' title="bbox 1106 1099 1841 1136; baseline 0.007 -5"><span class='ocrx_word' id='word_1_311' title='bbox 1106 1099 1202 1132; x_wconf 90' lang='lat' dir='ltr'>tionis</span> <span class='ocrx_word' id='word_1_312' title='bbox 1216 1100 1450 1133; x_wconf 84' lang='lat' dir='ltr'>monachorum</span> <span class='ocrx_word' id='word_1_313' title='bbox 1475 1101 1739 1135; x_wconf 83' lang='lat' dir='ltr'>Silvestrinoruin</span> <span class='ocrx_word' id='word_1_314' title='bbox 1762 1115 1841 1136; x_wconf 87' lang='lat' dir='ltr'>nun-</span> 
     </span>
     <span class='ocr_line' id='line_1_64' title="bbox 1104 1153 1840 1197; baseline 0.011 -14"><span class='ocrx_word' id='word_1_315' title='bbox 1104 1157 1295 1195; x_wconf 85' lang='lat' dir='ltr'>cupatorum</span> <span class='ocrx_word' id='word_1_316' title='bbox 1321 1153 1451 1190; x_wconf 85' lang='lat' dir='ltr'>Ordinis</span> <span class='ocrx_word' id='word_1_317' title='bbox 1483 1154 1582 1187; x_wconf 86' lang='lat' dir='ltr'>sancti</span> <span class='ocrx_word' id='word_1_318' title='bbox 1609 1155 1789 1197; x_wconf 78' lang='lat' dir='ltr'>Benedicti,</span> <span class='ocrx_word' id='word_1_319' title='bbox 1810 1163 1840 1191; x_wconf 87' lang='lat' dir='ltr'>et</span> 
     </span>
     <span class='ocr_line' id='line_1_65' title="bbox 1104 1205 1838 1244; baseline 0.007 -6"><span class='ocrx_word' id='word_1_320' title='bbox 1104 1205 1240 1238; x_wconf 87' lang='lat' dir='ltr'>Ioannes</span> <span class='ocrx_word' id='word_1_321' title='bbox 1266 1205 1444 1239; x_wconf 76' lang='lat' dir='ltr'>Matthaeus</span> <span class='ocrx_word' id='word_1_322' title='bbox 1463 1207 1643 1240; x_wconf 78' lang='lat' dir='ltr'>Felici-anus</span> <span class='ocrx_word' id='word_1_323' title='bbox 1660 1211 1838 1244; x_wconf 86' lang='lat' dir='ltr'>monachus</span> 
     </span>
     <span class='ocr_line' id='line_1_66' title="bbox 1105 1259 1841 1304; baseline 0.008 -14"><span class='ocrx_word' id='word_1_324' title='bbox 1105 1268 1257 1300; x_wconf 67' lang='lat' dir='ltr'>expresse</span> <span class='ocrx_word' id='word_1_325' title='bbox 1283 1259 1449 1301; x_wconf 78' lang='lat' dir='ltr'>professus</span> <span class='ocrx_word' id='word_1_326' title='bbox 1481 1271 1516 1293; x_wconf 85' lang='lat' dir='ltr'>ae</span> <span class='ocrx_word' id='word_1_327' title='bbox 1538 1261 1576 1293; x_wconf 90' lang='lat' dir='ltr'>de</span> <span class='ocrx_word' id='word_1_328' title='bbox 1601 1263 1764 1304; x_wconf 82' lang='lat' dir='ltr'>praesenti</span> <span class='ocrx_word' id='word_1_329' title='bbox 1785 1264 1841 1296; x_wconf 84' lang='lat' dir='ltr'>ab-</span> 
     </span>
     <span class='ocr_line' id='line_1_67' title="bbox 1105 1311 1841 1356; baseline 0.01 -14"><span class='ocrx_word' id='word_1_330' title='bbox 1105 1311 1161 1342; x_wconf 87' lang='lat' dir='ltr'>has</span> <span class='ocrx_word' id='word_1_331' title='bbox 1193 1311 1379 1343; x_wconf 89' lang='lat' dir='ltr'>monasterii</span> <span class='ocrx_word' id='word_1_332' title='bbox 1416 1312 1446 1344; x_wconf 85' lang='lat' dir='ltr'>S.</span> <span class='ocrx_word' id='word_1_333' title='bbox 1480 1313 1636 1356; x_wconf 82' lang='lat' dir='ltr'>Stephani</span> <span class='ocrx_word' id='word_1_334' title='bbox 1669 1315 1706 1347; x_wconf 84' lang='lat' dir='ltr'>de</span> <span class='ocrx_word' id='word_1_335' title='bbox 1741 1316 1841 1349; x_wconf 84' lang='lat' dir='ltr'>Caeco</span> 
     </span>
     <span class='ocr_line' id='line_1_68' title="bbox 1106 1363 1845 1410; baseline 0.011 -17"><span class='ocrx_word' id='word_1_336' title='bbox 1106 1363 1278 1405; x_wconf 83' lang='lat' dir='ltr'>nuncupati</span> <span class='ocrx_word' id='word_1_337' title='bbox 1306 1364 1344 1396; x_wconf 86' lang='lat' dir='ltr'>de</span> <span class='ocrx_word' id='word_1_338' title='bbox 1371 1364 1455 1397; x_wconf 85' lang='lat' dir='ltr'>Urbe</span> <span class='ocrx_word' id='word_1_339' title='bbox 1482 1365 1586 1398; x_wconf 88' lang='lat' dir='ltr'>dictae</span> <span class='ocrx_word' id='word_1_340' title='bbox 1612 1367 1845 1410; x_wconf 77' lang='lat' dir='ltr'>Congregatio-</span> 
     </span>
     <span class='ocr_line' id='line_1_69' title="bbox 1106 1415 1846 1461; baseline 0.009 -14"><span class='ocrx_word' id='word_1_341' title='bbox 1106 1415 1166 1454; x_wconf 88' lang='lat' dir='ltr'>nis,</span> <span class='ocrx_word' id='word_1_342' title='bbox 1181 1416 1266 1458; x_wconf 87' lang='lat' dir='ltr'>quod</span> <span class='ocrx_word' id='word_1_343' title='bbox 1285 1416 1370 1458; x_wconf 87' lang='lat' dir='ltr'>(cum</span> <span class='ocrx_word' id='word_1_344' title='bbox 1389 1417 1529 1456; x_wconf 71' lang='lat' dir='ltr'>alias,ad</span> <span class='ocrx_word' id='word_1_345' title='bbox 1548 1420 1678 1461; x_wconf 77' lang='lat' dir='ltr'>regulae</span> <span class='ocrx_word' id='word_1_346' title='bbox 1701 1421 1846 1454; x_wconf 85' lang='lat' dir='ltr'>eiusdem</span> 
     </span>
     <span class='ocr_line' id='line_1_70' title="bbox 1106 1468 1846 1514; baseline 0.011 -14"><span class='ocrx_word' id='word_1_347' title='bbox 1106 1468 1137 1501; x_wconf 88' lang='lat' dir='ltr'>S.</span> <span class='ocrx_word' id='word_1_348' title='bbox 1157 1469 1323 1502; x_wconf 85' lang='lat' dir='ltr'>Benedicti</span> <span class='ocrx_word' id='word_1_349' title='bbox 1342 1471 1588 1514; x_wconf 83' lang='lat' dir='ltr'>praescriptum,</span> <span class='ocrx_word' id='word_1_350' title='bbox 1601 1483 1661 1505; x_wconf 86' lang='lat' dir='ltr'>nec</span> <span class='ocrx_word' id='word_1_351' title='bbox 1675 1484 1740 1506; x_wconf 89' lang='lat' dir='ltr'>non</span> <span class='ocrx_word' id='word_1_352' title='bbox 1758 1474 1846 1508; x_wconf 78' lang='lat' dir='ltr'>iuxta</span> 
     </span>
     <span class='ocr_line' id='line_1_71' title="bbox 1107 1522 1845 1568; baseline 0.008 -14"><span class='ocrx_word' id='word_1_353' title='bbox 1107 1522 1317 1565; x_wconf 83' lang='lat' dir='ltr'>antiquorum</span> <span class='ocrx_word' id='word_1_354' title='bbox 1345 1523 1447 1566; x_wconf 86' lang='lat' dir='ltr'>ipsius</span> <span class='ocrx_word' id='word_1_355' title='bbox 1479 1524 1749 1568; x_wconf 79' lang='lat' dir='ltr'>Congregationis</span> <span class='ocrx_word' id='word_1_356' title='bbox 1783 1534 1845 1560; x_wconf 86' lang='lat' dir='ltr'>sta-</span> 
     </span>
     <span class='ocr_line' id='line_1_72' title="bbox 1109 1577 1855 1623; baseline 0.009 -16"><span class='ocrx_word' id='word_1_357' title='bbox 1109 1581 1258 1615; x_wconf 81' lang='lat' dir='ltr'>tutorum,</span> <span class='ocrx_word' id='word_1_358' title='bbox 1272 1577 1432 1609; x_wconf 81' lang='lat' dir='ltr'>variarum</span> <span class='ocrx_word' id='word_1_359' title='bbox 1455 1577 1634 1611; x_wconf 86' lang='lat' dir='ltr'>litterarum</span> <span class='ocrx_word' id='word_1_360' title='bbox 1656 1581 1855 1623; x_wconf 81' lang='lat' dir='ltr'>apostolica--</span> 
     </span>
    </p>
   </div>
   <div class='ocr_carea' id='block_1_20' title="bbox 1084 1630 1845 1671">
    <p class='ocr_par' dir='ltr' id='par_1_23' title="bbox 1084 1630 1845 1671">
     <span class='ocr_line' id='line_1_73' title="bbox 1084 1630 1845 1671; baseline 0.011 -12"><span class='ocrx_word' id='word_1_361' title='bbox 1084 1639 1187 1668; x_wconf 46' lang='lat' dir='ltr'>trum,</span> <span class='ocrx_word' id='word_1_362' title='bbox 1215 1630 1426 1671; x_wconf 83' lang='lat' dir='ltr'>quarumdam</span> <span class='ocrx_word' id='word_1_363' title='bbox 1453 1630 1484 1663; x_wconf 76' lang='lat' dir='ltr'>S.</span> <span class='ocrx_word' id='word_1_364' title='bbox 1512 1631 1546 1663; x_wconf 81' lang='lat' dir='ltr'>R.</span> <span class='ocrx_word' id='word_1_365' title='bbox 1573 1631 1606 1663; x_wconf 89' lang='lat' dir='ltr'>E.</span> <span class='ocrx_word' id='word_1_366' title='bbox 1635 1633 1845 1667; x_wconf 85' lang='lat' dir='ltr'>cardinalium</span> 
     </span>
    </p>
   </div>
   <div class='ocr_carea' id='block_1_21' title="bbox 1105 1681 1846 2205">
    <p class='ocr_par' dir='ltr' id='par_1_24' title="bbox 1105 1681 1846 2205">
     <span class='ocr_line' id='line_1_74' title="bbox 1107 1681 1846 1729; baseline 0.007 -15"><span class='ocrx_word' id='word_1_367' title='bbox 1107 1681 1401 1723; x_wconf 72' lang='lat' dir='ltr'>Congregationum</span> <span class='ocrx_word' id='word_1_368' title='bbox 1428 1683 1648 1725; x_wconf 81' lang='lat' dir='ltr'>decretorum,</span> <span class='ocrx_word' id='word_1_369' title='bbox 1664 1695 1699 1717; x_wconf 83' lang='lat' dir='ltr'>ac</span> <span class='ocrx_word' id='word_1_370' title='bbox 1724 1687 1846 1729; x_wconf 87' lang='lat' dir='ltr'>capitu-</span> 
     </span>
     <span class='ocr_line' id='line_1_75' title="bbox 1107 1735 1844 1780; baseline 0.008 -14"><span class='ocrx_word' id='word_1_371' title='bbox 1107 1735 1210 1767; x_wconf 85' lang='lat' dir='ltr'>lorum</span> <span class='ocrx_word' id='word_1_372' title='bbox 1236 1735 1436 1777; x_wconf 70' lang='lat' dir='ltr'>generalium</span> <span class='ocrx_word' id='word_1_373' title='bbox 1457 1736 1556 1779; x_wconf 85' lang='lat' dir='ltr'>ipsius</span> <span class='ocrx_word' id='word_1_374' title='bbox 1577 1737 1844 1780; x_wconf 69' lang='lat' dir='ltr'>Congregationis</span> 
     </span>
     <span class='ocr_line' id='line_1_76' title="bbox 1107 1787 1845 1832; baseline 0.008 -13"><span class='ocrx_word' id='word_1_375' title='bbox 1107 1787 1364 1830; x_wconf 85' lang='lat' dir='ltr'>dispositionem,</span> <span class='ocrx_word' id='word_1_376' title='bbox 1381 1789 1576 1832; x_wconf 86' lang='lat' dir='ltr'>compilatae</span> <span class='ocrx_word' id='word_1_377' title='bbox 1603 1790 1739 1824; x_wconf 80' lang='lat' dir='ltr'>fuissent</span> <span class='ocrx_word' id='word_1_378' title='bbox 1765 1802 1845 1824; x_wconf 89' lang='lat' dir='ltr'>non-</span> 
     </span>
     <span class='ocr_line' id='line_1_77' title="bbox 1106 1840 1846 1884; baseline 0.009 -13"><span class='ocrx_word' id='word_1_379' title='bbox 1106 1840 1214 1872; x_wconf 87' lang='lat' dir='ltr'>nullae</span> <span class='ocrx_word' id='word_1_380' title='bbox 1233 1840 1494 1884; x_wconf 78' lang='lat' dir='ltr'>constitutiones)</span> <span class='ocrx_word' id='word_1_381' title='bbox 1510 1843 1635 1876; x_wconf 71' lang='lat' dir='ltr'>vocales</span> <span class='ocrx_word' id='word_1_382' title='bbox 1649 1843 1754 1877; x_wconf 88' lang='lat' dir='ltr'>dictae</span> <span class='ocrx_word' id='word_1_383' title='bbox 1770 1844 1846 1878; x_wconf 90' lang='lat' dir='ltr'>Con-</span> 
     </span>
     <span class='ocr_line' id='line_1_78' title="bbox 1106 1891 1844 1939; baseline 0.011 -16"><span class='ocrx_word' id='word_1_384' title='bbox 1106 1891 1305 1934; x_wconf 76' lang='lat' dir='ltr'>grcgationis</span> <span class='ocrx_word' id='word_1_385' title='bbox 1332 1893 1364 1925; x_wconf 88' lang='lat' dir='ltr'>in</span> <span class='ocrx_word' id='word_1_386' title='bbox 1391 1904 1504 1926; x_wconf 88' lang='lat' dir='ltr'>eorum</span> <span class='ocrx_word' id='word_1_387' title='bbox 1526 1895 1670 1938; x_wconf 86' lang='lat' dir='ltr'>capitulo</span> <span class='ocrx_word' id='word_1_388' title='bbox 1688 1898 1844 1939; x_wconf 73' lang='lat' dir='ltr'>generali,</span> 
     </span>
     <span class='ocr_line' id='line_1_79' title="bbox 1105 1944 1846 1991; baseline 0.011 -15"><span class='ocrx_word' id='word_1_389' title='bbox 1105 1955 1214 1977; x_wconf 84' lang='lat' dir='ltr'>mense</span> <span class='ocrx_word' id='word_1_390' title='bbox 1240 1944 1328 1978; x_wconf 88' lang='lat' dir='ltr'>iunio</span> <span class='ocrx_word' id='word_1_391' title='bbox 1352 1956 1557 1981; x_wconf 69' lang='lat' dir='ltr'>iinctxxxviu</span> <span class='ocrx_word' id='word_1_392' title='bbox 1583 1950 1846 1991; x_wconf 80' lang='lat' dir='ltr'>celebrat0,con-</span> 
     </span>
     <span class='ocr_line' id='line_1_80' title="bbox 1106 1998 1844 2047; baseline 0.011 -18"><span class='ocrx_word' id='word_1_393' title='bbox 1106 1998 1257 2037; x_wconf 87' lang='lat' dir='ltr'>corditer,</span> <span class='ocrx_word' id='word_1_394' title='bbox 1271 2003 1301 2031; x_wconf 89' lang='lat' dir='ltr'>et</span> <span class='ocrx_word' id='word_1_395' title='bbox 1316 1999 1445 2033; x_wconf 86' lang='lat' dir='ltr'>nemine</span> <span class='ocrx_word' id='word_1_396' title='bbox 1470 2000 1600 2034; x_wconf 86' lang='lat' dir='ltr'>illorum</span> <span class='ocrx_word' id='word_1_397' title='bbox 1626 2002 1844 2047; x_wconf 80' lang='lat' dir='ltr'>discrepante,</span> 
     </span>
     <span class='ocr_line' id='line_1_81' title="bbox 1106 2055 1844 2101; baseline 0.009 -18"><span class='ocrx_word' id='word_1_398' title='bbox 1106 2061 1165 2094; x_wconf 86' lang='lat' dir='ltr'>per</span> <span class='ocrx_word' id='word_1_399' title='bbox 1177 2057 1249 2084; x_wconf 87' lang='lat' dir='ltr'>vota</span> <span class='ocrx_word' id='word_1_400' title='bbox 1267 2058 1391 2086; x_wconf 85' lang='lat' dir='ltr'>secreta</span> <span class='ocrx_word' id='word_1_401' title='bbox 1405 2055 1639 2097; x_wconf 84' lang='lat' dir='ltr'>approbarunt,</span> <span class='ocrx_word' id='word_1_402' title='bbox 1657 2061 1689 2089; x_wconf 86' lang='lat' dir='ltr'>et</span> <span class='ocrx_word' id='word_1_403' title='bbox 1711 2058 1844 2101; x_wconf 82' lang='lat' dir='ltr'>propria</span> 
     </span>
     <span class='ocr_line' id='line_1_82' title="bbox 1106 2104 1846 2149; baseline 0.011 -13"><span class='ocrx_word' id='word_1_404' title='bbox 1106 2104 1347 2149; x_wconf 88' lang='lat' dir='ltr'>subscriptione</span> <span class='ocrx_word' id='word_1_405' title='bbox 1365 2107 1537 2140; x_wconf 82' lang='lat' dir='ltr'>firmarunt</span> <span class='ocrx_word' id='word_1_406' title='bbox 1551 2109 1680 2142; x_wconf 84' lang='lat' dir='ltr'>easdem</span> <span class='ocrx_word' id='word_1_407' title='bbox 1696 2111 1846 2144; x_wconf 84' lang='lat' dir='ltr'>eonstitu-</span> 
     </span>
     <span class='ocr_line' id='line_1_83' title="bbox 1107 2158 1826 2205; baseline 0.008 -14"><span class='ocrx_word' id='word_1_408' title='bbox 1107 2158 1211 2192; x_wconf 89' lang='lat' dir='ltr'>tiones</span> <span class='ocrx_word' id='word_1_409' title='bbox 1238 2159 1363 2193; x_wconf 84' lang='lat' dir='ltr'>tenoris</span> <span class='ocrx_word' id='word_1_410' title='bbox 1388 2161 1442 2204; x_wconf 86' lang='lat' dir='ltr'>qui</span> <span class='ocrx_word' id='word_1_411' title='bbox 1469 2162 1629 2205; x_wconf 87' lang='lat' dir='ltr'>sequitur,</span> <span class='ocrx_word' id='word_1_412' title='bbox 1656 2163 1826 2197; x_wconf 82' lang='lat' dir='ltr'>videlicet:</span> 
     </span>
    </p>
   </div>
   <div class='ocr_carea' id='block_1_22' title="bbox 1303 2241 1643 2267">
    <p class='ocr_par' dir='ltr' id='par_1_25' title="bbox 1303 2241 1643 2267">
     <span class='ocr_line' id='line_1_84' title="bbox 1303 2241 1643 2267; baseline 0.006 -3"><span class='ocrx_word' id='word_1_413' title='bbox 1303 2241 1397 2265; x_wconf 63' lang='lat' dir='ltr'>PRIMA</span> <span class='ocrx_word' id='word_1_414' title='bbox 1430 2242 1643 2267; x_wconf 75' lang='lat' dir='ltr'>DISTINZIONE.</span> 
     </span>
    </p>
   </div>
   <div class='ocr_carea' id='block_1_23' title="bbox 1223 2302 1844 2633">
    <p class='ocr_par' dir='ltr' id='par_1_26' title="bbox 1245 2302 1588 2342">
     <span class='ocr_line' id='line_1_85' title="bbox 1245 2302 1588 2342; baseline 0.006 -11"><span class='ocrx_word' id='word_1_415' title='bbox 1245 2311 1265 2334; x_wconf 91' lang='lat'>1.</span> <span class='ocrx_word' id='word_1_416' title='bbox 1289 2302 1360 2332; x_wconf 83' lang='lat' dir='ltr'>Dell&#39;</span> <span class='ocrx_word' id='word_1_417' title='bbox 1376 2303 1466 2342; x_wconf 76' lang='lat' dir='ltr'>offiz-io</span> <span class='ocrx_word' id='word_1_418' title='bbox 1487 2303 1588 2333; x_wconf 77' lang='lat' dir='ltr'>(livino.</span> 
     </span>
    </p>

    <p class='ocr_par' dir='ltr' id='par_1_27' title="bbox 1236 2350 1668 2391">
     <span class='ocr_line' id='line_1_86' title="bbox 1236 2350 1668 2391; baseline 0.007 -12"><span class='ocrx_word' id='word_1_419' title='bbox 1236 2359 1266 2380; x_wconf 90' lang='grc'>11.</span> <span class='ocrx_word' id='word_1_420' title='bbox 1291 2350 1342 2380; x_wconf 73' lang='lat' dir='ltr'>Det</span> <span class='ocrx_word' id='word_1_421' title='bbox 1363 2351 1479 2390; x_wconf 72' lang='lat' dir='ltr'>capitolo</span> <span class='ocrx_word' id='word_1_422' title='bbox 1501 2353 1668 2391; x_wconf 73' lang='lat' dir='ltr'>quotidiano.</span> 
     </span>
    </p>

    <p class='ocr_par' dir='ltr' id='par_1_28' title="bbox 1223 2398 1682 2438">
     <span class='ocr_line' id='line_1_87' title="bbox 1223 2398 1682 2438; baseline 0.007 -11"><span class='ocrx_word' id='word_1_423' title='bbox 1223 2407 1265 2428; x_wconf 87' lang='lat'><em>111.</em></span> <span class='ocrx_word' id='word_1_424' title='bbox 1289 2398 1368 2428; x_wconf 68' lang='lat' dir='ltr'>Delta</span> <span class='ocrx_word' id='word_1_425' title='bbox 1390 2399 1536 2438; x_wconf 70' lang='lat' dir='ltr'>disciplina</span> <span class='ocrx_word' id='word_1_426' title='bbox 1559 2409 1682 2430; x_wconf 81' lang='lat' dir='ltr'>comune.</span> 
     </span>
    </p>

    <p class='ocr_par' dir='ltr' id='par_1_29' title="bbox 1225 2447 1844 2536">
     <span class='ocr_line' id='line_1_88' title="bbox 1225 2447 1844 2488; baseline 0.01 -12"><span class='ocrx_word' id='word_1_427' title='bbox 1225 2455 1262 2477; x_wconf 84' lang='lat' dir='ltr'>tv.</span> <span class='ocrx_word' id='word_1_428' title='bbox 1286 2447 1364 2477; x_wconf 76' lang='lat' dir='ltr'>Delle</span> <span class='ocrx_word' id='word_1_429' title='bbox 1386 2449 1550 2487; x_wconf 76' lang='lat' dir='ltr'>confessioni</span> <span class='ocrx_word' id='word_1_430' title='bbox 1570 2449 1745 2488; x_wconf 79' lang='lat' dir='ltr'>parlt&#39;colari‚</span> <span class='ocrx_word' id='word_1_431' title='bbox 1767 2460 1781 2481; x_wconf 79' lang='lat' dir='ltr'>e</span> <span class='ocrx_word' id='word_1_432' title='bbox 1801 2452 1844 2482; x_wconf 65' lang='lat' dir='ltr'>otei</span> 
     </span>
     <span class='ocr_line' id='line_1_89' title="bbox 1301 2497 1481 2536; baseline 0.011 -11"><span class='ocrx_word' id='word_1_433' title='bbox 1301 2497 1481 2536; x_wconf 76' lang='lat' dir='ltr'>predicatori.</span> 
     </span>
    </p>

    <p class='ocr_par' dir='ltr' id='par_1_30' title="bbox 1234 2545 1843 2633">
     <span class='ocr_line' id='line_1_90' title="bbox 1234 2545 1843 2578; baseline 0.007 -4"><span class='ocrx_word' id='word_1_434' title='bbox 1234 2553 1262 2574; x_wconf 88' lang='lat' dir='ltr'>v.</span> <span class='ocrx_word' id='word_1_435' title='bbox 1289 2545 1368 2575; x_wconf 85' lang='lat' dir='ltr'>Come</span> <span class='ocrx_word' id='word_1_436' title='bbox 1390 2546 1506 2575; x_wconf 82' lang='lat' dir='ltr'>debbano</span> <span class='ocrx_word' id='word_1_437' title='bbox 1531 2547 1619 2577; x_wconf 81' lang='lat' dir='ltr'>vivere</span> <span class='ocrx_word' id='word_1_438' title='bbox 1647 2548 1657 2578; x_wconf 85' lang='lat' dir='ltr'>i</span> <span class='ocrx_word' id='word_1_439' title='bbox 1685 2549 1791 2578; x_wconf 78' lang='lat' dir='ltr'>monaci</span> <span class='ocrx_word' id='word_1_440' title='bbox 1814 2548 1843 2578; x_wconf 78' lang='lat' dir='ltr'>in</span> 
     </span>
     <span class='ocr_line' id='line_1_91' title="bbox 1304 2595 1534 2633; baseline 0.009 -10"><span class='ocrx_word' id='word_1_441' title='bbox 1304 2598 1391 2633; x_wconf 78' lang='lat' dir='ltr'>tempo</span> <span class='ocrx_word' id='word_1_442' title='bbox 1413 2595 1534 2625; x_wconf 76' lang='lat' dir='ltr'>d&#39;estate.</span> 
     </span>
    </p>
   </div>
   <div class='ocr_carea' id='block_1_24' title="bbox 1105 2301 1172 2340">
    <p class='ocr_par' dir='ltr' id='par_1_31' title="bbox 1105 2301 1172 2340">
     <span class='ocr_line' id='line_1_92' title="bbox 1105 2301 1172 2340; baseline -0.03 -8"><span class='ocrx_word' id='word_1_443' title='bbox 1105 2301 1172 2340; x_wconf 81' lang='lat' dir='ltr'>Cap.</span> 
     </span>
    </p>
   </div>
  </div>
 </body>
</html>
