2227 3225
111 251 163 281 An.
184 252 215 279 C.
233 251 296 279 109¹

882 251 1089 275 lNNOCENTlL'S
1114 251 1156 274 XII
1181 250 1228 274 PF.

307 305 445 342 quatuor
469 300 623 332 horarum
640 300 680 332 ab
702 299 833 332 instanti
861 298 1040 331 vacationis

305 354 356 386 vel
373 352 442 385 eius
456 352 590 386 notitiae.
611 363 727 386 novum
746 353 890 396 priorem
908 353 1040 394 eligant,

307 405 361 448 qui
385 405 510 449 pariter
534 406 686 439 succedat
709 406 741 438 in
766 406 918 439 vicarium
945 415 1042 447 gene-

306 459 410 492 ralem
426 458 573 499 Ordinis;
591 459 677 503 quod
695 459 720 492 si
738 469 803 492 non
829 459 972 492 fecerint.
989 463 1041 490 aut

307 513 429 546 electus
455 512 496 546 sit
520 513 618 545 etiam
644 511 961 555 (arpi-aemiuiuir)
982 511 1041 543 im-

306 565 447 609 peditus,
466 571 552 607 tunc,
573 570 701 608 sumpto
725 575 786 608 per
809 565 962 597 nuncium
988 568 1041 595 aut

306 619 518 652 secretarium
550 618 753 662 praedictum
785 617 970 650 authentico
997 622 1042 648 te-

306 671 459 705 stimonio
477 672 576 705 totius
601 671 645 704 vei
672 676 790 714 gestae,
809 675 951 703 transeat
971 670 1040 712 ipse

306 725 358 757 vel
385 724 522 757 nuncius
547 725 586 757 ad
611 723 843 767 provincialem
876 733 932 755 seu
959 722 1042 755 vica-

307 777 392 810 rium
418 777 651 819 provincialem
677 777 862 820 provinciae
889 775 1041 818 capitula-

307 830 364 870 ris,
391 835 446 862 aut
475 829 575 862 alium
607 829 786 862 successive
810 834 957 862 vocatum
983 828 1042 864 (ut

306 882 544 926 praedicitur),
571 882 699 925 ipsique
719 887 827 915 notam
852 881 947 914 saciat
972 890 1043 912 sue-

307 935 497 968 cessionem.

351 998 408 1021 v11.
434 988 466 1021 Si
490 998 568 1021 vero
602 989 740 1021 vivarius
776 988 938 1031 generalis
965 986 1043 1019 detl-

309 1040 397 1074 ciens
421 1051 487 1074 non
505 1042 546 1073 sit
566 1041 656 1084 prior
680 1041 956 1074 Barcliinonensis
986 1039 1043 1072 scd

309 1094 391 1126 alius
416 1093 454 1126 de
481 1094 602 1126 vocatis
628 1100 701 1136 post
725 1094 824 1133 illum,
848 1099 921 1126 tunc
948 1092 1044 1135 perti-

309 1152 386 1179 neat
409 1147 576 1189 praedicta
600 1146 758 1180 successio
777 1147 815 1179 ad
842 1147 980 1189 primum
1006 1155 1042 1177 ex

310 1198 460 1231 omnibus
486 1199 683 1241 praedietis,
709 1198 763 1242 qui
790 1205 863 1230 tunc
890 1197 1044 1240 temporis

309 1261 375 1284 non
409 1251 506 1284 suerit
536 1251 729 1295 impeditus,
756 1252 797 1284 ita
830 1251 980 1283 videlicet
1011 1255 1045 1281 ut

311 1314 328 1337 a
341 1304 528 1347 provinciali
544 1309 733 1343 revertatur,
748 1309 779 1337 et.
793 1303 937 1336 secundo
953 1313 1045 1345 quae·
1064 1316 1066 1334 ·,

310 1361 360 1389 rat
373 1356 515 1399 priorem
530 1357 842 1396 Barclrinonensem,
860 1356 884 1388 si
901 1355 960 1387 iam
976 1355 1044 1387 eius

310 1407 580 1451 impedimentum
605 1409 790 1448 cessaverit,
812 1409 936 1441 ratione
955 1408 1044 1440 cuius

309 1461 456 1494 transivit
487 1462 526 1494 ad
558 1461 803 1505 provincialem.
837 1461 926 1499 Quod
953 1461 976 1493 si
1003 1461 1045 1493 ita

308 1523 375 1547 non
399 1513 461 1554 sit,
493 1515 543 1547 vel
568 1515 659 1558 prior
693 1525 758 1548 nou
790 1515 928 1558 eligatur
961 1515 1044 1547 intra

308 1567 447 1609 spatium
465 1567 657 1610 praefatum,
672 1568 789 1601 iterum
807 1573 988 1601 revertatur
1004 1568 1042 1600 ad

307 1619 548 1652 successionem
573 1620 790 1662 provincialis,
812 1625 866 1652 aut
883 1620 961 1653 alios
987 1630 1043 1652 suo

309 1671 425 1704 ordine
450 1677 592 1711 vocatos,
616 1678 651 1705 ut
674 1683 788 1716 supra,
815 1673 855 1706 de.
875 1673 992 1716 quilius
1010 1683 1044 1705 o-

308 1724 440 1758 mnibus
454 1726 567 1758 eadem
589 1731 621 1758 et
649 1726 766 1758 eodem
794 1726 909 1759 ordine
934 1726 1044 1759 obser-

307 1777 412 1810 vanda
436 1777 649 1820 intelligimus
677 1778 702 1811 si
737 1779 906 1822 quisquam
932 1788 1065 1812 eorum*

309 1830 351 1863 sit
368 1830 505 1863 vicarius
530 1831 690 1873 generalis
716 1836 747 1864 et
772 1832 908 1864 deficiat.

353 1893 422 1917 vm.
457 1883 508 1916 Sic
544 1884 748 1917 successione
780 1884 985 1926 magistratus
1011 1884 1042 1916 in

308 1936 461 1969 vicarium
487 1937 670 1979 generalem
696 1947 756 1980 pro
780 1942 927 1980 tempore
953 1948 1045 1970 vaca-

313 1989 408 2022 tionis
441 1989 586 2032 legitime
619 1990 768 2030 inducta,
806 1990 1042 2034 quamprimum

308 2042 380 2075 talis
400 2042 534 2075 vicarius
558 2043 680 2075 litteras
706 2053 779 2076 suas
805 2048 953 2086 patentes
980 2049 1043 2076 tam

307 2095 514 2128 obedientiae
539 2106 635 2138 quam
659 2096 903 2129 convocationis
928 2096 967 2128 ad
992 2106 1044 2128 ca-

306 2148 444 2192 pitulum
462 2149 612 2191 generale
631 2149 859 2182 celebrandum
886 2149 1043 2182 transmit-

307 2207 354 2235 tat
369 2201 409 2234 ad
427 2212 539 2234 omnes
556 2202 750 2245 provincias,
770 2203 809 2235 ad
827 2213 906 2246 quas
928 2213 1044 2246 oppor-

307 2259 385 2289 tune
408 2255 583 2299 pervenire
599 2256 728 2288 valeant
750 2260 823 2288 ante
841 2257 1042 2299 praedictum

307 2308 496 2352 capitulum,
514 2313 545 2341 et
562 2308 626 2341 hoc
650 2308 788 2351 primun]
806 2319 877 2342 esse
894 2311 1041 2342 volumus

306 2372 384 2399 suae
409 2361 579 2405 potestatis
604 2361 771 2395 indicium.

354 2425 398 2449 lx.
424 2414 518 2448 Prior
541 2414 649 2457 itaque
671 2415 958 2456 Barcliinonensis,
977 2421 1041 2456 aut,

309 2468 378 2502 eius
397 2468 533 2508 defectu,
555 2467 749 2512 quicumque
775 2469 858 2502 alius
883 2469 922 2501 de
948 2480 1043 2512 prae-

310 2521 405 2555 dictis
421 2521 459 2553 ad
476 2521 561 2554 hanc
577 2521 817 2554 successionem
843 2527 1042 2565 assumptus,

311 2575 387 2610 dum
411 2574 516 2608 officio
549 2575 658 2607 vicarii
691 2576 852 2618 generalis
877 2576 1041 2618 fungitur,

309 2630 354 2666 ita
379 2630 419 2664 sit
442 2640 553 2664 revera
586 2628 684 2661 totius
707 2628 837 2663 Ordinis
869 2636 984 2673 caput,
1009 2637 1041 2661 ut

1714 242 1776 275 53:³1⁴]

1082 309 1265 341 supremam
1292 303 1319 331 et
1348 298 1494 331 eamdem
1520 299 1552 330 in
1578 299 1727 331 omuibus
1764 300 1816 331 lia-

1083 351 1153 383 beat
1182 356 1377 393 potestatem
1411 357 1442 383 et
1468 351 1553 383 vices
1583 363 1662 394 quae
1689 353 1816 385 inerant

1084 404 1143 446 ipsi
1174 405 1349 446 magistro,
1375 415 1411 437 ac
1437 405 1574 447 proinde
1600 406 1737 445 gaiulcat
1773 407 1817 437 l'a-

1083 457 1201 489 cultate
1217 463 1248 489 et
1261 457 1452 490 auctoritate
1467 458 1635 490 sufficienti
1653 464 1814 502 tamquam

1083 519 1269 551 supremum
1295 515 1390 552 caput.
1416 511 1514 542 totius
1539 510 1665 543 Ordinis
1684 512 1720 543 ad
1743 522 1818 544 con-

1083 561 1299 595 firmationem
1329 563 1486 604 graduum
1518 564 1751 597 conserendam
1777 566 1818 597 si-

1083 619 1137 646 cut
1160 614 1229 657 ipse
1264 615 1436 657 magister,
1463 621 1495 648 et
1527 622 1624 659 prout.
1655 618 1817 660 superiori

1083 666 1292 700 distinctione
1317 678 1387 710 cap.
1406 678 1435 701 v1
1461 669 1598 711 amplius
1623 670 1816 703 declaratur.

1125 730 1155 752 x.
1172 719 1220 752 llli
1236 725 1343 753 tamen
1361 722 1548 754 nullatenus
1567 722 1662 755 liceat
1678 723 1819 766 aliquem

1083 782 1120 805 ex
1145 773 1310 806 vocalibus
1335 773 1465 816 capituli
1491 775 1650 816 generalis
1672 777 1819 819 proxime

1083 825 1274 858 celebrandi
1300 832 1436 866 mutare,
1459 828 1507 860 vel
1533 828 1672 871 privare,
1694 834 1749 861 aut
1766 840 1821 863 no-

1083 888 1137 910 vos
1164 879 1303 921 eligere,
1326 890 1432 922 neque
1458 880 1554 913 etiam
1581 881 1750 915 nominare
1775 883 1821 915 vi-

1084 930 1203 963 carium
1229 931 1477 974 provincialen13
1508 934 1594 976 quod
1621 934 1644 965 si
1672 939 1820 977 tempore

1085 983 1133 1015 sui
1160 984 1330 1017 vicariatus
1356 985 1588 1028 provincialem
1607 994 1661 1019 aut
1690 988 1757 1020 eius
1777 988 1822 1020 vi-

1085 1038 1204 1069 carium
1232 1038 1368 1071 deficere
1393 1040 1575 1081 contigerit,
1595 1042 1748 1073 succedat
1768 1043 1822 1074 al)-

1085 1092 1191 1123 solutc
1218 1091 1248 1123 in
1276 1092 1426 1124 vicarium
1462 1094 1694 1135 provincialem
1725 1106 1820 1137 quem

1087 1143 1220 1176 inferius
1247 1155 1316 1187 cap.
1338 1155 1375 1177 xx
1395 1146 1433 1178 de
1460 1146 1546 1178 illius
1566 1147 1770 1181 successione
1790 1149 1821 1180 in

1085 1196 1238 1229 vicarium
1264 1197 1505 1238 ordinabimus,
1532 1200 1639 1239 unde,
1665 1207 1821 1243 quantum

1086 1250 1124 1282 ad
1144 1250 1212 1289 hoc,
1235 1250 1294 1293 ipsi
1314 1251 1482 1290 electores,
1501 1263 1580 1295 quos
1597 1254 1754 1295 magister
1772 1265 1824 1296 ge-

1087 1303 1207 1335 neralis
1236 1304 1539 1347 quomodocumque
1571 1305 1724 1339 deficiens
1749 1307 1825 1340 reli-

1087 1355 1203 1397 querit,
1225 1362 1440 1398 permaneant
1463 1357 1708 1391 immutabiliter
1725 1360 1755 1392 in
1774 1371 1825 1393 or-

1087 1407 1173 1446 dine,
1193 1407 1271 1440 itaut
1287 1409 1328 1440 sit
1353 1409 1385 1441 in
1410 1410 1525 1443 eodem
1552 1416 1635 1443 statu
1661 1422 1763 1455 usque
1784 1413 1824 1446 ad

1087 1460 1281 1493 electionem
1315 1461 1472 1501 suturam,
1503 1463 1586 1496 sicut
1624 1465 1723 1497 suerat
1750 1471 1824 1498 aute

1087 1514 1284 1547 vacationem
1310 1515 1409 1548 sedis.

1129 1576 1172 1599 xi.
1200 1566 1336 1610 Insuper
1361 1569 1385 1600 si
1414 1575 1559 1612 tempore
1579 1571 1627 1603 sui
1654 1571 1823 1605 vicariatus

1086 1618 1215 1661 aliquod
1241 1621 1416 1663 capitulum
1443 1623 1642 1665 provinciale
1669 1625 1825 1667 obtigerit

1086 1673 1326 1712 celebrandum,
1354 1685 1415 1707 nec
1444 1676 1524 1709 illud
1554 1678 1717 1711 celebrare
1736 1684 1825 1721 pole·

1086 1724 1134 1763 rit,
1153 1735 1212 1758 nec
1237 1726 1276 1758 ab
1302 1727 1365 1760 alio
1392 1728 1502 1771 quovis
1528 1730 1624 1762 modo
1651 1731 1822 1771 celebrari,

1086 1778 1210 1811 etiamsi
1237 1782 1438 1823 compleatur
1463 1783 1649 1823 triennium,
1674 1784 1729 1817 sed
1748 1795 1825 1827 pro·

1085 1831 1191 1873 rogari
1226 1834 1360 1866 omnino
1397 1836 1623 1868 constituimus
1660 1837 1691 1869 in
1727 1838 1822 1870 aliam

1085 1883 1280 1918 dominicam
1301 1886 1332 1919 in
1355 1887 1490 1920 Cautale
1515 1889 1657 1932 proxime
1685 1890 1823 1923 suturam

1085 1942 1160 1979 post
1185 1941 1338 1980 generale
1365 1940 1542 1983 capitulum
1559 1967 1566 1980 ,
1589 1942 1669 1974 itaut
1693 1943 1824 1985 prov-in-

1085 1989 1217 2023 cialatus
1247 1993 1286 2024 ad
1319 1993 1566 2036 quadriennium
1597 1995 1628 2027 in
1663 1995 1722 2027 hoc
1748 2007 1823 2028 casu

1085 2044 1292 2085 producatur,
1311 2056 1350 2078 ne
1375 2047 1486 2089 utique
1507 2047 1538 2079 in
1561 2049 1759 2081 electoribus
1777 2060 1823 2082 ca-

1085 2096 1178 2139 pituli
1205 2098 1367 2139 generalis
1400 2101 1509 2142 aliqua
1533 2101 1668 2134 mutatio
1694 2102 1821 2134 contin-

1085 2155 1149 2191 gat,
1168 2156 1202 2182 ut
1220 2151 1354 2183 inferius
1373 2153 1514 2195 amplius
1535 2154 1572 2186 de
1588 2155 1736 2187 omnibus
1752 2166 1822 2198 pro-

1086 2203 1197 2236 vini-iis
1232 2210 1264 2236 et
1289 2204 1449 2238 indiarum
1478 2206 1650 2250 praecipue
1677 2208 1822 2241 declam-

1085 2256 1171 2288 bitur
1196 2256 1227 2288 in
1256 2257 1351 2290 huius
1376 2258 1592 2292 distinctionis
1618 2271 1688 2304 cap.
1716 2271 1758 2293 ix.

1126 2320 1182 2343 ΧΗ.
1209 2311 1300 2344 Prior
1324 2317 1430 2345 autem
1452 2313 1741 2354 Barcliinonensis,
1761 2316 1819 2354 vel,

1085 2364 1152 2396 eius
1171 2364 1308 2404 defectu,
1332 2365 1527 2409 quicumque
1548 2366 1580 2399 in
1596 2367 1749 2400 vicarium
1769 2379 1822 2410 ge-

1084 2418 1229 2450 neralem
1253 2418 1462 2458 successerit,
1485 2419 1528 2459 si,
1555 2420 1683 2462 quando
1709 2421 1821 2453 liuius-

1084 2470 1171 2503 modi
1186 2470 1323 2504 officium
1338 2471 1480 2515 suscipit,
1500 2472 1597 2505 suerit
1611 2474 1713 2505 solum
1734 2485 1821 2516 prae·

1085 2528 1249 2563 scutatus,
1277 2524 1347 2567 ipso
1377 2524 1458 2558 sacto
1485 2530 1628 2558 trauseat
1657 2527 1686 2558 iu
1721 2527 1821 2567 maei-

1085 2582 1205 2616 strum‚
1240 2577 1414 2611 dummodo
1447 2589 1549 2611 annos
1586 2580 1726 2612 let-turae
1762 2591 1819 2621 fro

1064 2630 1272 2674 Ἰιηςιὲἰςῐῡιήο
1298 2631 1543 2675 adimpleverit,
1570 2632 1595 2665 si
1622 2642 1698 2665 vcro
1725 2632 1821 2663 suerit

1824 252 1875 276 Au.
1892 250 1919 275 (Ι,
1940 250 2001 275 tom
