2227 3225
120 237 166 262 Αιι.
188 236 215 261 v..
241 233 306 264 1533

312 295 422 329 agrum
440 290 472 319 et
488 295 619 328 gregem
640 289 784 318 nostrum
801 294 1045 327 recognoscere,

312 348 488 382 omnesque
514 338 616 371 dictae
640 337 731 371 Urbis
761 343 822 370 lam
847 338 1048 381 patriarcba-

312 391 360 424 les
381 401 477 434 quam
502 391 689 434 collegiatas
715 395 747 423 et
771 390 978 434 parochiales
997 401 1049 423 ec-

312 445 436 484 ctesias,
459 455 632 488 earumque
658 444 800 488 capitula
825 449 857 477 et
881 454 1048 487 personas,

311 498 389 531 item
414 497 620 537 monasteria,
647 502 821 531 conventus
847 502 876 529 ct
898 497 1049 530 ecclesias

313 550 500 594 quorumvis
517 550 673 584 Ordinum
704 555 766 582 tam
793 549 934 583 virorum
955 560 1050 593 quani

313 605 507 645 mulierum,
538 604 723 648 hospitalia,
750 604 896 647 collegia,
925 603 1051 636 confra-

315 658 485 692 ternitates
510 659 676 698 laicorum,
702 663 847 690 montem
872 656 1001 700 pietatis
1022 662 1051 689 et

316 711 444 751 omnia,
470 721 673 754 quocumque
699 715 874 743 censentur
898 710 1051 749 nomine,

315 765 389 798 loca
412 764 465 807 pia
487 763 628 797 visitare.

141 825 308 855 >,tto-ruiniurnr
362 817 376 860 ᾖ
401 816 432 850 2.
460 816 560 849 Porro
586 817 617 849 in
644 815 829 849 huiusmodi
848 815 955 858 operis
981 825 1055 847 con-

125 852 468 909 l?.†.'f÷³<²¹flmssll¹.¹{sortium,
496 869 615 912 quippe
645 869 741 912 quod,
765 868 889 901 tametsi
914 878 973 911 per
997 878 1056 900 nos

126 907 224 932 anam.
319 923 406 967 ipsos
431 922 511 956 illud
536 922 702 963 inchoare,
727 921 880 965 prosequi
906 927 937 954 et
959 921 1057 964 persi-

319 987 392 1010 cere
404 977 614 1010 vehementer
627 981 822 1020 optaremus,
835 975 1055 1015 nibilominus,

319 1035 386 1063 tam
410 1029 549 1063 aliorum
585 1039 763 1072 eorumque
796 1027 1055 1071 gravissimorum

320 1082 529 1125 negotiorum
553 1082 639 1115 mole
672 1091 768 1124 quam
801 1087 985 1114 nostrarum
1013 1081 1057 1113 vi-

320 1135 404 1168 rium
421 1134 605 1168 infirmitate
626 1133 822 1177 praepediti,
841 1135 962 1177 absque
980 1134 1058 1167 alio-

320 1199 392 1222 rum
417 1187 578 1222 adiutorio
604 1188 734 1231 explere
760 1197 855 1230 posse
880 1188 974 1230 plane
999 1187 1057 1220 ‹lif-

321 1241 464 1282 fidimus,
483 1241 659 1274 nonnullos
683 1250 719 1273 ex
737 1240 980 1274 venerabilibus
998 1241 1059 1273 sra-

322 1294 425 1327 tribus
461 1294 578 1327 nostris
611 1293 642 1326 S.
677 1292 714 1325 ll.
748 1293 780 1326 E.
814 1293 1056 1332 cardinalibus,

321 1357 449 1380 necnon
484 1346 656 1389 episcopos
690 1351 718 1378 et
751 1345 915 1378 Romanae
946 1345 1058 1378 Curiae

321 1400 486 1443 praelatos
523 1399 647 1442 aliquos
683 1397 932 1438 advocabimus,
975 1398 1060 1430 ultra

321 1453 402 1486 alios
427 1462 525 1496 super
549 1451 689 1494 negotiis
714 1450 906 1483 visitationis
931 1456 1060 1494 aposto-

321 1505 424 1545 licae,
463 1504 674 1538 ecclesiarum
700 1508 731 1536 et
754 1504 900 1536 locorum
931 1503 1059 1547 piorum

322 1558 465 1592 eiusdem
486 1557 581 1591 Urbis
602 1556 793 1590 auctoritate
814 1556 991 1600 apostolica
1008 1557 1061 1589 du-

323 1612 397 1646 dum
423 1611 588 1644 institutae
614 1610 795 1654 deputatos,
822 1620 960 1652 quorum
984 1619 1061 1642 con-

324 1665 398 1699 silio
413 1670 507 1708 atque
529 1665 628 1707 opera
645 1663 676 1696 in
694 1673 727 1696 re
746 1667 808 1695 tam
826 1662 948 1696 salubri
964 1668 1060 1706 atque

323 1718 424 1752 ardua
449 1724 589 1751 utamur⁴

369 1772 396 1816 ᾗ.
420 1771 440 1805 3
469 1771 515 1804 Ad
540 1770 773 1814 omnipotentis
792 1770 847 1803 Dei
871 1770 979 1813 itaque
997 1770 1062 1803 lau-

327 1825 400 1858 dem
430 1829 461 1857 et
493 1823 651 1867 gloriam,
677 1829 873 1866 sanctaeque
899 1823 1061 1857 Romanae

325 1877 489 1911 Ecclesiae
523 1876 762 1916 exaltationem,
789 1876 881 1909 [rbis
906 1876 1063 1909 visitatio-

326 1940 400 1964 nem
425 1934 571 1963 nostram
598 1929 778 1969 indicimus,
801 1939 894 1971 quam
916 1940 933 1961 a
959 1940 1064 1963 sacro-

326 1985 436 2018 sancta
460 1982 611 2026 primaria
628 1982 835 2015 Lateranensi
854 1983 991 2015 ecclesia
1017 1983 1063 2015 in-

145 1778 233 1808 lntlicliu
244 1778 315 1807 dictae

133 1808 267 1825 llssld'd'ssssS.

884 236 1092 260 INNOOENTn‘s

326 2035 527 2074 choabimus,
544 2045 580 2067 ac
593 2034 729 2067 subinde
743 2035 923 2068 statuendis
939 2034 1061 2075 diebus,

327 2088 497 2122 adiuvante
522 2087 672 2125 Domino,
705 2097 954 2129 prosequemur.
988 2086 1063 2119 Uni-

326 2151 437 2174 versos
462 2139 602 2184 proinde
627 2145 658 2172 et
682 2139 826 2181 singulos
853 2149 911 2182 per
940 2139 1085 2183 viscera¹

326 2193 569 2228 misericordiae
594 2192 649 2226 Dei
675 2191 792 2231 nostri,
818 2192 848 2224 in
876 2191 991 2235 quibus
1020 2193 1084 2242 vi-v

327 2247 435 2281 sitavit.
458 2257 518 2280 nos
543 2245 657 2280 Oriens
675 2256 712 2279 ex
738 2246 815 2285 alto,
835 2255 1006 2278 monemus
1033 2251 1063 2278 et
1082 2280 1085 2284 ,

327 2300 545 2339 obsecramus,
562 2303 605 2339 ut,
624 2308 784 2331 memores
810 2298 986 2331 vocationis
1013 2310 1063 2331 ve·
1082 2294 1084 2300 ⁴

328 2359 431 2394 strae,
458 2358 584 2396 tempus
608 2351 671 2385 hoc
697 2351 895 2395 acceptabile
928 2356 957 2385 et
990 2344 1084 2396 pro-2

327 2406 504 2440 movendae
530 2405 706 2438 animarum
740 2405 834 2438 saluti
868 2398 1084 2439 destinatum}

328 2463 560 2502 agnoscentes,
585 2457 785 2502 praeparetis
823 2458 921 2491 corda
958 2464 1064 2492 vestra

327 2511 466 2546 Domino
481 2539 488 2552 ,
519 2512 665 2556 vitaeque
690 2522 726 2545 ac
750 2522 876 2545 morum
909 2513 1062 2545 emenda·
1082 2528 1085 2571 Ι

329 2565 431 2605 tione,
462 2574 588 2599 necnon
612 2565 773 2599 bonorum
799 2575 931 2609 operum
957 2565 1085 2599 studies

329 2617 546 2652 visitationem
583 2623 726 2652 nostram
759 2617 800 2651 ita
825 2618 1062 2663 p=·acv·eniati<,

1120 238 1161 260 xn
1187 238 1234 260 rr.
1720 232 1782 265 607»

1091 291 1125 317 ut
1150 296 1185 318 ev
1212 287 1250 318 ea
1274 285 1411 319 fructum
1442 288 1627 330 centuplum
1655 294 1824 332 expectare

1091 348 1266 381 possimus.

1135 391 1149 433 ξ
1166 391 1196 423 4.
1213 390 1368 432 Ceterum,
1385 391 1438 435 qui
1453 392 1826 425 imbecillitatisnostrae
1840 435 1853 451 ς

1831 243 1877 268 ΛΗ.
1900 243 1927 267 tt.
1954 242 2018 268 ltilsl

1912 410 1954 434 hyp
1972 409 2019 428 sitio

1858 436 1870 452 s*
1889 435 1903 453 Q
2006 439 2010 453 l

1093 445 1193 488 probe
1220 445 1343 478 conscii
1368 446 1513 488 plantare
1531 446 1648 478 frustra
1670 456 1706 478 ac
1724 446 1829 488 rigare
1840 448 1860 481 Ili
1874 442 2019 487 ’Πιᾚζίῥζξῖξῖῃξ

1093 509 1287 531 conaremur
1317 498 1378 531 nisi
1414 499 1580 532 laboribus
1613 499 1732 532 nostris
1768 510 1830 542 ope

1093 551 1334 585 misericordiae
1371 561 1449 584 suae
1486 552 1599 584 adesse
1640 552 1832 594 dignaretur

1095 604 1146 647 qui
1165 604 1401 637 incrementum
1420 605 1475 637 dat
1492 605 1583 643 Deus,
1599 604 1713 648 suique
1734 616 1832 648 super

1096 667 1153 690 nos
1177 656 1284 690 Sancti
1309 656 1446 700 Spiritus
1471 657 1596 690 liberali
1624 668 1719 690 manu
1746 668 1834 700 spar-

1096 716 1187 753 geret
1211 710 1416 751 unctionem,
1443 710 1573 749 idcirco,
1600 711 1638 744 ad
1664 713 1833 744 caelestem

1095 774 1190 807 opem
1209 764 1426 797 concordibus
1444 764 1525 797 votis
1541 764 1702 798 efficacius
1721 765 1835 808 implo-

1097 818 1241 857 randam,
1262 818 1409 851 volumus
1435 822 1469 849 ut
1486 818 1634 861 proxima
1649 821 1738 851 sexta
1756 819 1835 851 seria

1097 871 1128 902 in
1148 870 1314 903 nonnullis
1332 871 1495 914 praefatae
1516 870 1610 904 Urbis
1635 871 1835 914 patriarcba-

1099 923 1194 963 libus,
1221 923 1403 966 collegiatis
1429 928 1460 956 et
1484 923 1555 956 aliis
1580 923 1765 967 praecipuis
1786 934 1837 957 ec·

1098 976 1218 1017 elesiis,
1245 987 1303 1019 per
1325 976 1477 1010 dilectum
1502 976 1602 1009 silium
1625 982 1773 1010 nostruin
1801 977 1835 1010 in

1100 1031 1211 1063 eadem
1246 1029 1329 1062 Urbe
1364 1029 1518 1063 vicarium
1548 1030 1581 1062 in
1612 1030 1836 1073 spiritualibus

1100 1084 1286 1126 generalem
1309 1082 1579 1126 praescribendis
1599 1084 1835 1117 sanctissimum

1100 1137 1318 1169 Eucharistiae
1352 1142 1587 1170 sacramentum
1613 1138 1748 1170 solemni
1772 1137 1836 1170 ritu

1101 1189 1132 1221 in
1151 1188 1243 1222 altari
1268 1195 1470 1233 proponatur
1498 1195 1529 1222 et
1549 1190 1760 1232 quadraginta
1778 1190 1837 1222 ho-

1101 1252 1208 1274 rarum
1235 1241 1338 1274 oratio
1364 1242 1403 1275 de
1425 1251 1514 1275 more
1540 1242 1737 1275 celebretur.

1144 1295 1158 1336 ξ
1176 1294 1204 1326 5.
1223 1295 1306 1327 Ilaec
1326 1300 1432 1327 autem
1448 1299 1482 1326 ut
1504 1294 1690 1328 ferventiori
1705 1294 1836 1338 spiritus

1101 1347 1216 1380 ardore
1255 1347 1434 1390 maiorique
1460 1347 1562 1379 sructn
1599 1346 1700 1387 siant,
1732 1338 1859 1380 caele—p

1102 1400 1197 1432 stium
1218 1410 1391 1433 munerum
1417 1400 1597 1440 thesauros,
1616 1411 1755 1443 quorum
1773 1401 1839 1433 dis-

1102 1453 1326 1495 pensationem
1360 1452 1452 1486 nobis
1482 1452 1620 1486 credidit
1644 1454 1837 1494 Mussitans,

1102 1505 1228 1548 aperire
1259 1511 1291 1538 et
1324 1516 1459 1548 erogare
1491 1506 1704 1539 decrevimus.
1732 1506 1840 1539 Omni-

1103 1559 1161 1590 bus
1189 1559 1297 1602 itaque
1328 1564 1359 1591 et
1385 1559 1522 1601 singulis
1554 1559 1721 1602 utriusque
1747 1569 1839 1592 sexus

1103 1611 1370 1645 christifidelibus
1396 1611 1516 1645 Romae
1542 1612 1756 1655 degentibus,
1786 1613 1839 1656 qui

1103 1676 1177 1699 vere
1203 1665 1408 1709 poenitentes
1445 1671 1476 1698 et
1506 1665 1668 1706 confessi,
1694 1666 1840 1709 proxima

1104 1718 1154 1751 die
1170 1718 1340 1758 doi‘ninica,
1357 1728 1438 1761 quae
1457 1718 1516 1752 erit
1534 1718 1565 1751 in
1583 1717 1840 1761 Septuagesima,

1105 1773 1194 1804 sacia
1220 1770 1447 1804 communione
1473 1771 1585 1804 resecti
1610 1771 1739 1811 suerint,
1760 1771 1841 1814 pias-

1104 1834 1164 1866 que
1191 1824 1221 1856 in
1248 1824 1359 1867 quavis
1384 1823 1519 1856 ccclesia
1543 1823 1582 1856 ad
1603 1823 1702 1856 Deum
1727 1834 1840 1867 preces

1105 1875 1288 1916 citatim-int,
1310 1881 1344 1908 ut
1369 1876 1447 1908 llaec
1468 1881 1576 1909 nostra
1596 1876 1734 1909 visitatio
1752 1876 1840 1909 utilis

1105 1929 1144 1960 sit
1171 1929 1331 1961 Ecclesiae
1358 1933 1387 1961 ct
1414 1928 1590 1961 animarum
1609 1929 1715 1968 saluti,
1735 1930 1842 1972 plena-

1083 1981 1182 2029 ,riam
1209 1981 1351 2013 omnium
1389 1985 1595 2024 peccatorum
1629 1990 1760 2013 suorum
1794 1982 1841 2014 in-

1106 2034 1302 2076 dulgentiam
1330 2033 1537 2066 ‹ftmrcdimus
1562 2038 1594 2066 et
1618 2033 1806 2076 elargimur.

1148 2087 1162 2129 g
1187 2087 1215 2117 tl.
1239 2085 1328 2128 Agite
1350 2085 1457 2129 igitur,
1480 2085 1589 2119 dilecti
1614 2086 1680 2126 filii,
1698 2092 1841 2130 pastora-

1105 2141 1166 2172 len.
1194 2139 1458 2179 sollicitudinem,
1481 2149 1576 2182 quam
1601 2142 1739 2183 paterna
1765 2140 1841 2173 cha-

1105 2193 1197 2225 ritate
1223 2193 1313 2226 vobis
1347 2193 1585 2236 impendimus,
1612 2198 1643 2226 et
1667 2193 1761 2226 huius
1785 2204 1842 2227 no-

1106 2252 1171 2278 trae
1199 2246 1388 2279 visitationis
1407 2247 1532 2279 labores
1557 2246 1756 2280 orationibus
1774 2247 1842 2280 snb-

1105 2300 1227 2340 levate‚
1261 2304 1414 2342 actusque
1440 2304 1565 2332 vestros
1590 2299 1634 2333 ita
1658 2299 1839 2343 disponite,

1104 2357 1139 2385 ut
1157 2362 1221 2385 non
1238 2351 1270 2385 in
1288 2362 1425 2386 vacuum
1443 2351 1577 2396 gratiam
1594 2351 1650 2385 Dei
1667 2352 1841 2396 recipiatis,

1106 2406 1216 2448 sicque
1243 2405 1302 2449 ipsi
1319 2416 1378 2449 per
1403 2406 1511 2439 onmia
1535 2406 1665 2449 placere
1690 2407 1838 2450 satagite,

1105 2464 1141 2491 nt
1165 2469 1228 2492 non
1255 2459 1353 2492 modo
1378 2458 1477 2499 sides,
1501 2459 1556 2492 sed
1581 2464 1612 2492 et
1631 2464 1740 2492 sancta
1764 2470 1840 2493 con-

1104 2511 1242 2545 versatio
1267 2518 1371 2545 vestra
1395 2511 1577 2545 annuntiari
1594 2512 1696 2556 possit
1720 2513 1753 2546 in
1769 2513 1840 2546 uni-

1106 2576 1195 2598 verso
1220 2566 1353 2605 mundo,
1378 2566 1538 2609 vestrique
1563 2566 1707 2599 omnium
1732 2575 1838 2599 mores

1107 2619 1137 2650 in
1166 2618 1275 2651 faeiem
1307 2618 1517 2652 ecclesiarum
1542 2618 1721 2652 Romanum
1745 2619 1837 2653 illum

1840 488 1943 510 ecclesus.

1899 1305 2030 1331 indulgentia

1862 1333 1950 1353 lenatia.

1879 2096 1998 2118 centlum.
