2254 3225
466 257 529 299 972
1012 270 1188 296 ΒυιιΑιιῐυΜ
1215 270 1368 296 nouitium

510 327 565 360 Pio
589 327 612 360 V
637 331 667 360 et
693 324 847 368 Gregorio
872 323 953 365 XIV,
979 325 1021 357 uti
1045 325 1157 366 refert,
1182 324 1246 359 4522
1271 336 1308 365 a;
1336 325 1448 358 iterum
1475 324 1643 358 auctoritas
1674 323 1712 357 ab
1742 323 1867 358 Urbano
1896 324 1961 359 VIII

509 381 678 414 reformata
702 380 768 420 fuit,
786 384 820 412 ut
843 379 976 412 habetur
1000 379 1082 422 apud
1104 379 1260 420 eumdem,
1277 379 1369 419 ibid.‚·
1395 378 1476 411 dicta
1500 378 1669 412 auctoritas
1693 378 1731 411 ab
1748 378 1815 411 aliis
1834 378 1961 422 pontifi-

510 434 599 467 cibus
625 438 731 477 postca
756 432 904 475 ampliata
933 437 962 464 et
987 432 1147 464 moderata
1172 432 1247 472 fuit,
1271 437 1305 464 ut
1330 438 1459 465 testatur
1484 432 1577 474 idem,
1602 432 1666 466 452
1692 433 1726 473 b;
1752 433 1875 466 tandem
1901 443 1959 466 au-

511 487 664 520 ctoritatis
689 486 802 519 limites
827 485 1010 526 firmantur,
1038 495 1160 517 necnon
1192 485 1452 528 praescribuntur
1485 486 1643 519 facultates
1678 496 1757 530 quae
1782 489 1963 530 competunt

512 540 623 574 maiori
648 537 901 584 poenitentiario,
926 543 956 570 ct
980 537 1139 580 quomodo
1165 537 1203 570 ab
1229 548 1265 571 eo
1290 539 1430 572 exerceri
1456 539 1597 582 debeant,
1620 539 1684 572 452
1708 539 1724 572 b
1748 545 1779 574 et
1802 552 1862 584 seq.

422 594 571 635 Pontifex,
595 594 667 627 vide
691 593 850 626 Romanus
876 591 1026 624 Pontifex.

422 648 534 680 I'ortus
558 647 639 680 Antii
665 648 740 680 cura
768 645 935 678 cardinalis
960 644 1149 688 protectoris
1181 645 1346 689 Pamphilii
1379 645 1540 680 restitutus
1574 645 1654 687 fuit,
1678 649 1712 680 ut
1743 646 1840 679 refert
1870 647 1963 681 Inno-

511 700 629 733 centius
653 700 723 740 XII,
748 698 812 732 935
836 709 873 738 a,
899 698 1037 731 eiusdem
1064 703 1275 741 protectorem
1294 704 1324 732 et
1349 699 1656 744 superintendentem
1675 710 1745 733 cum
1765 699 1964 733 facultatibus

510 752 655 797 plurimis
675 752 793 786 dictum
819 751 1009 785 cardinalem
1036 751 1209 795 deputavit,
1235 751 1299 785 935
1325 753 1357 793 b;
1383 764 1442 797 pro
1468 753 1608 786 eiusdem
1634 753 1870 787 manutentione
1890 764 1964 788 con-

509 807 726 850 gregationem
756 811 825 850 post
846 805 985 839 eiusdem
1007 805 1174 838 cardinalis
1199 806 1318 839 obitum
1344 806 1575 850 assumendam,
1601 807 1700 841 erexit
1724 807 1817 849 idem,
1840 807 1904 842 936
1930 808 1963 848 b;

509 871 568 904 pro
592 860 724 905 praefati
749 865 859 904 portus
884 859 955 892 dote
988 859 1071 891 mille
1097 864 1184 892 scuta
1207 859 1385 902 assignavit,
1410 860 1484 893 ibid.

425 914 564 948 Potestas
589 914 808 947 ecclesiastica.
834 913 876 946 De
901 918 1053 957 potestate
1077 912 1289 946 ecelesiastica
1319 913 1552 957 propositiones
1576 918 1721 958 quatuor,
1746 919 1907 947 contentas
1933 913 1964 946 in

513 967 723 1000 declaratione
749 967 831 1000 edita
856 966 886 999 in
911 966 1046 1000 comitiis
1079 966 1154 999 cleri
1187 966 1337 1000 Gallicani
1375 976 1456 1000 anno
1494 977 1664 1001 unctxxxn
1700 967 1836 1009 habitis,
1860 977 1963 1000 cassa-

513 1021 554 1054 vit
578 1026 608 1054 et
632 1021 765 1055 irritavit
788 1020 965 1053 Alexander
989 1020 1065 1061 VIII,
1091 1020 1132 1054 67
1158 1021 1183 1052 b.

422 1073 652 1116 Praecedentia,
677 1074 749 1106 vide
773 1073 908 1106 Minores
932 1072 970 1106 de
995 1072 1201 1106 Observantia
1225 1073 1409 1107 Reformati.

423 1127 674 1161 Praedicatorum
701 1126 794 1160 Ordo.
820 1127 951 1161 Litteras
971 1126 1121 1171 quasdam
1147 1127 1290 1170 magistri
1313 1128 1480 1170 generalis,
1505 1128 1620 1172 quibus
1645 1128 1798 1162 tolluntur
1820 1127 1965 1162 nonnulli

508 1181 624 1214 abusus
656 1181 687 1213 in
712 1180 876 1225 provincia
901 1181 1133 1223 Portugalliae,
1158 1181 1356 1215 confirmavit
1388 1182 1562 1215 Alexander
1591 1182 1678 1223 VIII,
1704 1182 1745 1216 «19
1772 1182 1788 1215 b
1823 1187 1852 1215 et
1882 1193 1960 1227 seq.;

511 1234 651 1277 ipsorum
677 1234 933 1267 universitatibus
958 1234 989 1267 B.
1015 1234 1202 1268 Ferdinandi
1228 1240 1258 1268 et
1282 1235 1311 1269 S.
1337 1235 1422 1268 Fidei
1447 1236 1478 1268 in
1502 1235 1597 1268 Indiis
1620 1235 1870 1269 Occidentalibus
1895 1245 1967 1268 con-

509 1287 684 1321 stitutiones
708 1293 772 1321 tres
796 1287 968 1321 Innocentii
993 1288 1048 1330 XI,
1067 1299 1125 1332 pro
1150 1288 1269 1322 eisdem
1294 1288 1549 1322 universitatibus
1574 1288 1682 1329 editas,
1707 1299 1841 1332 quarum
1867 1288 1965 1321 altera

508 1341 609 1374 dictae
632 1341 826 1374 universitati
851 1341 882 1374 B.
903 1341 1092 1374 Ferdinandi
1114 1352 1261 1375 concessa
1285 1341 1343 1375 fuit
1368 1342 1496 1375 facultas
1521 1342 1703 1375 conferendi
1728 1342 1844 1385 gradus
1868 1342 1963 1375 scho-

508 1396 655 1437 lasticos,
682 1396 781 1429 altera
812 1396 952 1439 utrisque
978 1396 1233 1429 universitatibus
1259 1406 1408 1429 concessa
1442 1396 1527 1428 fuere
1560 1396 1725 1439 privilegia
1756 1394 1966 1428 universitatis

510 1449 538 1482 S.
564 1449 701 1483 Thomae
734 1449 866 1482 civitatis
892 1449 1040 1489 Monilae,
1068 1450 1157 1482 tertia
1183 1450 1403 1482 confirmatum
1429 1449 1486 1482 fuit
1510 1449 1670 1482 decretum
1696 1449 1862 1481 cardinalis
1887 1459 1964 1492 pro-

514 1504 642 1536 tectoris
667 1504 750 1536 circa
775 1504 1016 1545 assignationem
1044 1503 1124 1536 dotis
1149 1503 1344 1536 universitati
1370 1503 1400 1535 B.
1427 1502 1632 1542 Ferdinandi,
1666 1503 1777 1535 relatas
1803 1502 1968 1535 confirmat

511 1561 541 1589 et
565 1557 691 1590 innovat
715 1557 797 1589 idem
820 1556 995 1589 Alexander
1021 1556 1101 1596 VIII,
1132 1556 1189 1588 147
1215 1556 1230 1588 b
1256 1562 1284 1589 et
1309 1567 1381 1600 seq.;
1407 1556 1518 1589 fratres
1543 1556 1701 1596 alumnos,
1727 1566 1780 1588 seu
1805 1555 1967 1588 studentes

511 1615 720 1643 conventuum
740 1610 767 1643 S.
786 1610 879 1642 Marci
898 1610 1071 1649 Ferentini,
1089 1610 1117 1643 S.
1137 1609 1291 1642 Dominici
1308 1609 1455 1641 Fesulani
1477 1614 1507 1641 et
1524 1609 1552 1641 S.
1571 1609 1714 1649 miniatis,
1735 1614 1768 1641 ut
1793 1619 1848 1641 sua
1865 1608 1967 1642 studia

507 1668 692 1706 peragerent
721 1663 751 1694 in
776 1662 937 1696 coenobiis
962 1663 1087 1695 strictae
1109 1661 1341 1702 observantiae,
1360 1662 1467 1694 statuit
1486 1667 1516 1694 et
1541 1661 1707 1701 ordinavit,
1725 1661 1913 1705 iisdemque,
1933 1666 1968 1694 ut

507 1716 643 1749 lecturas
676 1715 819 1748 obtinere
850 1722 978 1759 queant,
1005 1716 1158 1749 concessit
1180 1715 1382 1749 Innocentius
1407 1715 1476 1756 XII,
1498 1714 1561 1747 567
1587 1715 1604 1746 h
1628 1720 1658 1747 et
1682 1725 1763 1759 seq.;
1788 1714 1967 1758 provincias

508 1769 585 1802 duas
610 1768 817 1802 Lombardiae
834 1773 864 1802 et
881 1769 1063 1809 Romanam,
1081 1780 1097 1801 a
1119 1768 1334 1802 iurisdictione
1359 1769 1502 1812 priorum
1529 1768 1770 1811 provincialium
1796 1774 1967 1812 exemptas,

509 1822 540 1855 in
558 1822 634 1855 duas
659 1822 777 1866 pariter
802 1822 1062 1865 congregationes
1087 1822 1116 1856 S.
1135 1822 1268 1856 Sabinae
1294 1828 1323 1855 et
1348 1822 1376 1855 S.
1399 1822 1504 1862 Marci,
1526 1821 1705 1854 immediate
1729 1821 1885 1854 subiectas
1906 1832 1969 1854 ma-

509 1876 610 1919 gistro
634 1876 680 1908 vel
708 1876 822 1909 vicario
848 1876 997 1918 generali,
1030 1880 1116 1909 motu
1141 1876 1272 1919 proprio
1293 1886 1364 1908 cum
1391 1875 1549 1908 nonnullis
1583 1874 1832 1908 ordinationibus
1859 1875 1968 1915 erexit,

511 1928 575 1963 680
600 1941 618 1962 α
644 1935 674 1962 et
698 1940 777 1973 seq,
803 1929 1075 1962 Praedicatoribus
1101 1929 1217 1962 eisdem
1237 1929 1490 1963 constitutionem
1510 1928 1681 1961 innocentii
1702 1927 1750 1968 XI,
1769 1938 1863 1971 super
1879 1927 1969 1960 redu-

511 1983 613 2016 ctione
637 1983 761 2016 numeri
787 1983 1012 2026 magistrorum
1038 1984 1236 2027 aliorumque
1262 1982 1488 2025 graduatorum
1507 1980 1641 2021 Ordinis,
1663 1981 1816 2015 revocatis
1834 1981 1871 2013 iis
1887 1990 1968 2024 quae

511 2044 599 2080 gesta
623 2038 747 2070 fuerant
772 2043 881 2070 contra
905 2038 1018 2071 dictam
1044 2037 1309 2079 constitutionem,
1336 2035 1543 2074 confirmavit,
1569 2034 1626 2067 7Qt
1656 2035 1673 2066 b
1693 2040 1722 2067 et
1746 2045 1825 2078 seq.;
1851 2034 1969 2067 eisdem

508 2091 766 2134 Congregationis
790 2091 818 2124 S.
838 2091 930 2124 Marci
956 2091 1136 2135 provinciae
1160 2091 1318 2124 Romanae
1344 2089 1550 2129 studentibus,
1576 2094 1609 2120 ut
1635 2088 1692 2132 ipsi
1718 2088 1747 2121 in
1773 2098 1883 2121 eorum
1908 2088 1970 2121 col-

514 2144 596 2186 legio
629 2144 798 2177 examinari
836 2145 957 2178 valeant
989 2155 1047 2188 pro
1080 2145 1255 2183 lectoratu,
1282 2143 1457 2183 concessit,
1484 2141 1544 2175 757
1570 2141 1586 2174 b
1618 2148 1648 2174 et
1680 2152 1756 2186 seq.;
1789 2141 1968 2185 provinciae

512 2196 541 2230 S.
567 2197 690 2230 Ioannis
716 2197 746 2229 in
772 2207 870 2240 regno
895 2197 1059 2237 Peruano,
1085 2203 1117 2230 ut
1147 2197 1176 2230 in
1208 2197 1291 2230 dieta
1317 2195 1481 2240 provincia
1505 2200 1706 2228 servarentur
1732 2194 1969 2227 constitutiones

514 2250 724 2327 gffiimlomm
749 2251 943 2293 generalium
969 2251 1100 2284 fratrum
1127 2251 1368 2284 coniunctorum
1396 2250 1426 2282 in
1458 2249 1660 2293 prioratibus,
1694 2247 1851 2281 mandavit
1874 2247 1968 2287 idem,

603 2305 622 2327 α
649 2300 678 2327 et
702 2305 761 2339 seq.

425 2347 602 2392 Presbyteri
627 2348 788 2381 Societatis
809 2349 885 2382 Iesu.
909 2349 985 2392 Ipsis
1003 2349 1033 2381 in
1058 2348 1152 2382 Indiis
1170 2348 1375 2381 existentibus
1401 2346 1611 2389 indulgentias
1629 2351 1658 2378 et
1675 2345 1836 2378 facultates
1860 2344 1967 2388 plures

514 2401 642 2434 indulsit
665 2401 840 2434 Alexander
866 2402 939 2441 vni,
960 2401 1001 2434 48
1027 2414 1045 2435 α
1073 2407 1101 2434 et
1126 2413 1205 2446 seq.;
1231 2401 1340 2434 iisdem
1368 2401 1522 2433 indultum
1547 2399 1713 2434 Clementis
1738 2398 1761 2431 X
1785 2397 1967 2431 conferendi

515 2455 631 2498 gradus
656 2455 875 2499 philosophiae
900 2459 929 2489 et
954 2456 1130 2499 theologiae
1156 2456 1185 2487 in
1219 2455 1360 2498 collegiis
1385 2454 1524 2487 eiusdem
1562 2452 1725 2487 Societatis
1750 2452 1782 2484 in
1807 2452 1968 2485 civitatum

517 2509 546 2542 S.
567 2508 652 2541 Fidei
674 2514 703 2542 et
726 2509 883 2548 Quitensis
897 2508 927 2540 in
948 2509 1042 2542 Indiis
1059 2509 1322 2549 Occidentalibus,
1336 2509 1374 2541 ad
1391 2508 1580 2541 decennium
1595 2506 1756 2539 dumtaxat
1771 2515 1969 2547 concessum,

517 2562 554 2594 ad
575 2573 684 2596 omnes
710 2562 826 2606 gradus
852 2563 1052 2595 scientiarum
1078 2569 1108 2596 et
1133 2564 1162 2595 in
1186 2568 1374 2607 perpetuum
1401 2561 1537 2595 extendit
1562 2559 1760 2593 Innocentius
1786 2559 1848 2600 XII,
1870 2559 1934 2593 548
1951 2560 1969 2592 b

517 2622 547 2648 et
571 2626 648 2659 seq.·‚
674 2616 857 2649 eorumdem
875 2616 1016 2658 collegiis
1037 2616 1196 2649 civitatum
1211 2617 1240 2650 S.
1260 2615 1345 2648 Fidei
1364 2622 1393 2648 et
1410 2614 1565 2653 Quitensis
1587 2613 1616 2645 in
1634 2613 1731 2646 indiis
1749 2613 1968 2655 Orientalibus,

516 2670 770 2705 constitutionem
792 2670 958 2704 Clementis
982 2670 1007 2704 X
1033 2670 1070 2703 de
1095 2670 1304 2711 conferendis,
1326 2675 1485 2713 tamquam
1512 2668 1541 2700 in
1568 2667 1770 2701 universitate
1786 2695 1794 2709 ,
1819 2667 1968 2712 doctoris,
