2254 3225
250 251 295 277 ιιι.
313 249 341 276 «3.
366 249 431 275 ¹692
478 239 541 272 [108

261 572 289 592 Cn
292 572 348 592 nstiti
351 576 388 592 ιιι·
384 577 426 592 nes

245 605 257 618 a
283 605 323 625 qun
366 599 425 618 entir-

266 628 320 649 aaa,
329 627 347 645 at
362 631 385 650 p..
390 628 426 670 1⁴:1-

245 632 266 670 Ιιιι
266 652 309 671 ula
340 657 396 677 [ιη-ι

245 681 280 698 cta
296 677 393 698 refertur.

479 307 552 330 rum
569 297 835 341 Couqreyalioms
849 296 1031 339 Hispaniae
1047 296 1083 328 (Ie
1098 305 1171 327 non-

480 349 586 384 nullis
610 350 653 384 ad
678 350 825 383 habitum
852 359 914 382 nou
940 347 1132 392 recipiendis
1147 346 1167 380 ¹.

612 439 810 467 Innocentius
831 439 911 472 Papa
930 437 995 470 XII,

560 485 597 511 ad
616 486 791 518 perpetuam
810 482 855 510 rei
874 481 1054 509 memoriam.

481 565 495 608 g
514 564 543 597 1.
562 562 684 606 Exponi
709 561 803 594 nobis
824 570 928 603 nuper
946 559 1021 593 feeit
1039 559 1174 592 dilectus

438 617 522 650 mins
539 617 653 650 Petius
672 626 688 648 a
706 615 777 648 lesu
799 618 993 657 procurator
1010 611 1173 655 generalis

408 658 704 712 Congregationis
720 666 894 709 Hispaniae
912 665 1045 697 fratrum
1059 663 1173 696 Discat-

437 723 654 755 calceatoium
688 718 819 752 Ordinis
847 717 1094 751 SS.Tr{init1tis
1124 726 1174 748 re-

437 774 632 818 demptionis
656 772 865 816 captivorum,
885 771 972 814 quod
997 771 1029 803 in
1054 769 1173 802 consti-

438 826 616 860 tutionibus
630 826 734 859 dictae
748 823 1022 867 Congoegadonis,
1038 834 1055 855 a
1070 822 1172 855 felicis

435 879 673 914 recordationis
707 877 872 911 Clemente
907 877 993 919 Papa
1016 876 1041 909 X
1072 886 1170 919 prae-

438 933 611 966 decessore
636 936 747 964 nostro
780 940 841 973 per
865 929 1017 972 quasdam
1043 938 1116 960 suas
1140 927 1172 959 in

438 984 535 1018 simili
561 985 665 1017 forma
689 982 797 1016 Brevis
820 982 871 1015 die
888 992 897 1015 ι
916 981 985 1014 iulii
1009 990 1173 1014 unctxxvl

438 1037 605 1081 expeditas
631 1036 754 1070 litteras
770 1035 800 1067 in
818 1034 922 1067 forma
939 1033 1088 1077 specifica
1104 1043 1174 1065 conv

437 1090 580 1131 firmatis,
599 1099 669 1132 cap.
685 1098 747 1122 xLu
765 1088 780 1131 g
798 1087 826 1128 ⁶2,
845 1087 898 1119 ubi
920 1086 1028 1129 agitur
1048 1085 1086 1118 de
1105 1095 1174 1128 per-

437 1143 525 1176 sonis
551 1142 590 1175 ad
615 1141 760 1174 habitum
791 1150 849 1183 per
884 1140 997 1172 fratres
1029 1138 1173 1171 eiusdem

439 1194 709 1239 Congregationis
734 1191 853 1236 gestari
878 1193 1009 1226 solitum
1033 1202 1099 1225 non
1120 1191 1175 1224 ad-

437 1248 624 1288 mittendiS,
653 1247 737 1280 inter
769 1252 877 1280 cetera
907 1245 1088 1289 disponitur
1111 1245 1175 1277 hoc

438 1302 614 1335 verborum
641 1305 771 1333 tenore:
810 1312 822 1331 α
840 1299 905 1332 Nec
939 1298 1033 1332 ctiam
1062 1297 1175 1330 admit-

439 1360 524 1388 tatur
548 1354 755 1397 neophytus,
789 1363 849 1385 nec
884 1351 938 1395 qui
972 1350 1175 1384 descenderit

438 1417 498 1450 per
522 1406 641 1440 lineam
666 1410 784 1438 rectam
809 1404 842 1436 in
868 1403 1013 1447 quolibet
1037 1402 1137 1445 gradu
1158 1413 1174 1434 a

440 1459 574 1499 iudaeis,
593 1458 776 1498 haereticis,
790 1458 921 1497 mauris,
934 1457 983 1490 vel
1000 1455 1173 1495 mansistis,

439 1524 500 1546 nec
524 1512 616 1552 ullus,
642 1511 732 1544 cuius
762 1511 1031 1554 praedecessores
1055 1519 1114 1552 per
1137 1508 1174 1541 li-

439 1575 532 1598 neam
548 1565 642 1598 etiam
656 1568 791 1604 rectam,
804 1563 887 1596 acin
902 1561 1049 1606 quolibet
1062 1560 1172 1603 gradu,

440 1619 481 1652 ob
506 1617 653 1652 haeresis
670 1644 678 1658 ,
704 1618 754 1650 vel
791 1615 941 1650 iudaismi
957 1642 964 1656 ‚
988 1615 1037 1648 vel
1068 1619 1173 1647 sectae

439 1671 687 1705 mahumetanae
708 1669 843 1702 crimina
867 1667 970 1711 puniti
994 1666 1116 1700 fuerint
1135 1667 1173 1698 ab

440 1723 622 1756 haereticae
636 1721 800 1766 pravitatis
813 1720 1072 1764 inquisitoribus:
1089 1719 1174 1762 quod

440 1777 466 1810 si
492 1775 608 1820 aliquis
626 1785 661 1808 ex
684 1774 777 1807 dictis
795 1773 827 1806 in
853 1774 913 1806 hac
932 1773 1173 1811 constitutione,

441 1829 550 1863 celans
576 1827 706 1872 aliquod
732 1837 768 1860 ex
794 1825 1015 1870 praenarratis
1041 1825 1176 1868 impedi-

441 1882 569 1921 mentis,
593 1880 832 1925 professionem
857 1879 970 1912 sccerit
993 1878 1078 1922 apud
1104 1888 1175 1917 nos,

440 1935 545 1968 statim
562 1945 597 1967 ac
615 1935 788 1976 detegatur
813 1933 873 1965 tale
894 1932 1173 1975 impedimentum,

441 1988 596 2028 eliciatur,
614 1987 689 2031 quia
707 1985 823 2029 religio
841 1995 907 2019 non
924 1989 1067 2028 praestat
1084 1995 1174 2017 suum

441 2050 634 2074 eonsensum
653 2039 692 2072 ad
720 2039 814 2071 talem
834 2037 1080 2081 professionem.
1100 2036 1177 2075 Qua-

441 2099 576 2139 propter
600 2103 713 2126 omnes
739 2093 772 2126 in
804 2091 936 2135 publico
962 2101 1068 2124 eoram
1097 2101 1176 2123 com-

441 2147 595 2181 munitate
626 2151 820 2179 moneantur
848 2150 921 2178 ante
952 2144 1175 2187 receptionem

442 2199 589 2239 habitus,
615 2204 647 2232 et
682 2199 777 2231 etiam
811 2203 885 2231 ante
921 2196 1174 2241 Professioncm,

443 2252 555 2297 quod,
585 2252 611 2284 si
647 2251 770 2284 habent
805 2251 934 2293 aliquod
967 2261 1002 2283 ex
1039 2249 1177 2293 impedi-

443 2305 560 2340 mentis
585 2305 617 2338 in
644 2305 706 2337 hoc
730 2314 866 2337 numero
891 2303 1069 2343 enarratis,
1101 2313 1177 2346 pro-

443 2359 541 2393 fessio
566 2356 713 2401 (etiamsi
745 2355 820 2400 fiat)
846 2355 987 2389 invalida
1022 2361 1054 2388 et
1088 2356 1176 2388 nulla

478 2457 491 2483 1
514 2455 606 2483 Dictae
635 2453 838 2481 constitutiones
864 2451 1038 2479 confirmatae
1066 2451 1142 2478 suere
1162 2460 1177 2478 a

444 2501 580 2529 Clemente
599 2499 620 2526 X
640 2498 746 2525 constit.
768 2497 834 2524 edit.
847 2503 990 2528 mnchxtu,
1006 2496 1049 2522 die
1072 2497 1080 2522 1
1104 2496 1175 2529 iulii3

445 2549 473 2573 et
491 2554 506 2572 a
524 2545 662 2571 Clemente
682 2542 714 2568 XI
735 2541 841 2569 constit.
863 2541 926 2567 edit.
948 2547 1078 2572 Moccxix,
1099 2539 1142 2566 die
1161 2540 1178 2566 6

445 2588 614 2622 decembris,
635 2586 730 2623 pontis.
751 2593 792 2612 xlx
806 2607 813 2619 ,
834 2587 1020 2612 confirmatum
1039 2583 1176 2611 decretum

444 2635 515 2668 circa
535 2633 710 2661 mutationem
730 2630 837 2658 habitus
856 2629 1024 2657 donatorum.

1014 248 1187 271 ntuJAtttt‘tl

1215 246 1365 269 noussen

1214 299 1270 332 cst,
1289 291 1432 337 quamvis
1453 291 1598 335 pluribus
1615 290 1707 323 annis
1734 290 1765 323 in
1790 289 1948 333 religione

1213 346 1279 378 Sint
1302 358 1333 377 7)

1257 398 1272 441 ,ξ
1288 397 1320 430 ⁶2.
1340 397 1416 431 Cum
1434 401 1553 437 autem,
1573 394 1670 429 sicut¹
1689 395 1801 431 eadem
1819 395 1948 438 exposi-

1215 451 1258 483 tio
1276 449 1456 492 subiungeb
1460 454 1508 489 {,1t
1527 448 1697 492 praeinser
1703 452 1732 479 ta
1749 447 1947 488 constitutio,

1215 508 1362 546 tempore
1381 513 1444 545 quo
1466 501 1681 544 Congrcgatio
1707 499 1922 533 huiusmodi
1915 511 1948 533 ln

1214 554 1369 599 Hispania
1380 555 1544 587 dumtaxat
1557 553 1783 597 reperiebatur
1796 553 1948 586 factafue-

1213 608 1263 648 rit,
1288 617 1374 641 nunc
1390 617 1477 647 vero,
1495 618 1566 640 cum
1590 607 1702 640 eadem
1723 606 1949 649 Congregatio,

1214 660 1386 693 adiuvante
1399 660 1546 699 Domino,
1561 670 1620 703 per
1634 659 1848 698 Germaniam,
1861 659 1950 692 Polo-

1213 714 1299 747 niam
1325 719 1356 747 et
1375 714 1454 747 alias
1477 713 1589 746 mundi
1610 717 1719 755 partes
1738 717 1948 755 propagetur,

1214 766 1417 810 experientia
1446 771 1648 809 compertum
1677 765 1717 798 sit
1745 765 1951 798 constitutio-

1214 830 1287 852 nem
1307 819 1503 862 praedictam
1523 823 1611 851 extra
1634 817 1824 861 Hispaniam
1844 818 1948 860 quoad

1214 872 1452 905 descendentes
1477 872 1516 904 ab
1542 871 1715 904 haereticis
1741 871 1859 904 serrari
1886 881 1949 904 non

1214 936 1328 968 posse:
1356 936 1414 959 nos
1439 930 1632 968 propterea,
1661 925 1739 958 dicti
1764 924 1850 958 Petri
1875 935 1950 968 pro-

1214 978 1371 1011 curatoris
1390 978 1550 1021 generalis
1565 978 1647 1010 votis
1662 978 1723 1010 hac
1740 977 1772 1010 in
1789 988 1833 1017 re,
1849 988 1951 1020 quan-

1214 1036 1279 1064 tum
1295 1042 1367 1064 cum
1382 1031 1517 1064 Domino
1532 1041 1716 1074 possumus,
1730 1029 1951 1063 favorabiliter

1215 1094 1360 1117 annuere
1385 1085 1549 1124 volentes,
1578 1094 1717 1127 eumque
1743 1094 1760 1116 a
1785 1083 1951 1126 quibusvis

1216 1136 1572 1176 excommunicationis,
1598 1136 1823 1180 suspensionis
1848 1140 1880 1169 et
1902 1135 1952 1168 in-

1217 1189 1354 1230 terdicti,
1367 1189 1506 1233 aliisque
1525 1188 1753 1223 ecclesiasticis
1771 1188 1951 1230 sententiis,

1216 1243 1362 1276 censuris
1380 1248 1411 1275 et
1428 1242 1553 1286 poeuis,
1569 1253 1586 1275 a
1603 1242 1673 1275 iure
1685 1242 1735 1275 vel
1752 1243 1792 1275 ab
1806 1242 1950 1282 homine,

1217 1296 1328 1339 quavis
1355 1295 1525 1328 occasione
1543 1296 1592 1328 vel
1618 1297 1717 1328 causa
1741 1295 1821 1335 latis,
1840 1295 1866 1327 si
1885 1295 1952 1338 qui-

1216 1349 1275 1381 bus
1296 1349 1545 1392 quomodolibet
1572 1348 1746 1381 innodatus
1771 1348 1885 1388 existit,
1911 1348 1951 1380 ad

1217 1400 1365 1434 effectum
1393 1399 1613 1444 praesentium
1643 1400 1807 1432 dumtaxat
1838 1410 1952 1432 conse-

1216 1453 1391 1497 quendum,
1427 1453 1541 1486 harum
1578 1453 1664 1486 serie
1690 1453 1896 1486 absolventes
1921 1457 1953 1484 et

1216 1506 1399 1539 absolutum
1436 1506 1506 1538 fore
1538 1510 1725 1545 censentes,
1762 1504 1952 1537 huiusmodi

1216 1559 1511 1603 supplicationibus
1535 1558 1696 1598 inclinati,
1719 1558 1758 1590 de
1783 1557 1954 1591 venerabi-

1217 1613 1294 1646 lium
1320 1613 1454 1645 fratrum
1480 1616 1664 1644 nostrorum
1687 1610 1718 1643 S.
1736 1611 1774 1644 R.
1794 1610 1817 1642 E
1849 1611 1953 1643 cardi·

1216 1666 1337 1698 nalium
1363 1664 1502 1707 negotiis
1528 1669 1559 1696 et
1577 1663 1869 1697 consultationilms
1887 1663 1954 1706 epi-

1216 1729 1388 1762 scoporum
1415 1723 1446 1751 ct
1470 1717 1667 1760 regularium
1692 1716 1953 1760 praepositorum

1217 1771 1377 1811 consilio,
1412 1770 1618 1803 enimciatam
1652 1770 1919 1803 constitutionem
1942 1796 1950 1809 ,

1217 1825 1323 1868 quoad
1350 1823 1586 1857 descendentes
1616 1823 1654 1855 ab
1683 1823 1857 1856 haereticis
1884 1828 1954 1856 tan-

1219 1883 1293 1917 tum,
1314 1882 1376 1910 tam
1401 1875 1506 1920 quoad
1532 1875 1699 1914 admissos
1726 1886 1821 1919 quam
1846 1876 1953 1919 quoad

1218 1929 1447 1968 admittendos,
1474 1933 1537 1961 tam
1565 1928 1604 1961 ad
1631 1928 1778 1960 habitum
1795 1938 1890 1970 quam
1913 1928 1952 1960 ad

1218 1983 1457 2027 professionem
1478 1982 1509 2014 in
1535 1982 1680 2025 praefata
1706 1981 1879 2024 religione,
1900 1991 1954 2013 au-

1218 2036 1368 2069 ctoritate
1389 2036 1502 2068 nostra
1527 2034 1716 2078 apostolica,
1731 2039 1845 2066 tenore
1861 2043 1955 2076 prae-

1218 2090 1358 2123 sentium
1373 2089 1581 2122 moderamur
1594 2099 1601 2128 ;
1622 2087 1713 2119 firma
1728 2092 1833 2119 tamen
1854 2097 1953 2119 rema-

1218 2147 1316 2176 nente
1347 2142 1418 2185 ipsa
1443 2140 1676 2174 constitutione
1701 2139 1808 2182 quoad
1840 2138 1954 2182 Hispa-

1219 2197 1304 2229 niam
1326 2200 1358 2228 et
1377 2193 1584 2233 Lusitaniam,
1603 2203 1638 2226 ac
1659 2193 1745 2226 salva
1766 2203 1896 2235 semper
1919 2192 1953 2225 in

1217 2248 1404 2293 praemissis
1447 2246 1641 2280 auctoritate
1681 2245 1953 2288 Congregationis

1218 2302 1407 2336 eorumdem
1432 2299 1657 2333 cardinalium.

1262 2356 1276 2399 ἓ
1295 2354 1326 2388 3.
1349 2355 1568 2387 Decernentes
1593 2352 1679 2396 ipsas
1698 2357 1887 2395 praesentes
1905 2352 1954 2386 lit-

1219 2414 1303 2442 teras
1319 2417 1449 2451 semper
1468 2406 1589 2446 firmas,
1603 2404 1726 2438 validas
1752 2409 1785 2437 et
1808 2405 1954 2439 efficaces

1218 2462 1358 2496 existere
1383 2465 1415 2493 et
1444 2460 1536 2500 sore,
1564 2469 1702 2502 suosque
1733 2459 1899 2502 plenarios
1923 2464 1956 2492 et

1217 2515 1362 2557 integros
1387 2512 1519 2547 effeetus
1543 2511 1653 2545 sortiri
1679 2516 1712 2545 et
1736 2511 1897 2553 obtinere,
1918 2522 1956 2545 ac

1218 2568 1302 2608 illis,
1329 2566 1368 2599 ad
1394 2576 1473 2609 quos
1498 2570 1623 2608 spectat
1656 2570 1688 2598 et
1721 2575 1781 2607 pro
1808 2569 1955 2608 tempore

1255 2630 1265 2655 1
1282 2628 1368 2655 Voces
1384 2630 1493 2661 autem,
1509 2627 1582 2654 sicut
1598 2634 1648 2653 nos
1663 2626 1787 2653 addimus
1803 2626 1839 2662 (n.
1855 2627 1904 2660 τ,).

1948 241 2000 267 An.
2018 242 2046 267 C.
2073 241 2138 268 1002

1985 405 2035 427 Cau
2043 412 2053 426 a
2070 407 2140 429 ino-de

1959 434 2011 453 ratic
2010 433 2054 454 tui

1989 2359 2099 2381 Clausulas
