2254 3225
237 252 288 280 An.
304 250 333 278 C.
356 250 419 278 1691

467 241 531 276 220

430 299 541 341 simus,
569 294 639 332 cum
664 300 704 333 ad
734 294 1085 343 christiaffie'pietatis
1110 300 1165 332 in-

430 357 628 385 crementum
652 357 684 385 et
704 353 880 385 animarum
905 352 1166 385 christifidelium

429 405 566 438 salutem
593 405 778 448 profuturos
810 415 999 448 speramus,
1024 405 1167 438 libenter

265 473 377 494 Commio
398 458 617 500 utelargimur.
645 458 754 501 Itaque
787 458 826 491 de
852 457 1085 500 omnipotentis
1110 457 1165 489 Dei

237 499 259 520 ln
274 501 365 521 rubrica.

292 1625 353 1647 Fides
367 1627 422 1648 tran·

241 1656 377 1679 sumptorum.

430 510 655 545 misericordia
678 517 711 544 et
733 511 903 544 beatorum
928 510 1012 544 Petri
1031 516 1062 542 et
1077 509 1166 541 Pauli

431 565 654 607 apostolorum
693 564 760 597 eius
799 563 989 597 auctoritate
1027 561 1164 601 conlisi,

432 617 581 650 omnibus
595 623 627 650 et
640 617 778 660 singulis
793 617 960 658 utriusque
975 625 1068 647 sexus
1086 614 1168 646 chri-

431 669 627 703 stifidelibus
659 680 733 703 vere
762 668 1010 712 poenitentibus
1035 671 1067 700 et
1090 677 1166 699 con-

432 722 524 755 fessis
550 734 586 755 ac
603 725 693 755 sacra
713 719 940 754 communione
958 719 1097 759 resectis,
1113 719 1166 762 qui

432 775 572 818 aliquam
587 786 623 808 ex
641 774 785 807 ecclesiis
799 782 1076 816 quorumcumque
1094 782 1168 804 con-

431 834 584 861 ventuum
610 833 641 861 et
665 829 833 861 domorum
857 825 1054 869 regularium
1076 824 1167 858 Ordi-

431 881 482 914 nis
509 881 643 913 fratrum
667 879 766 912 sancti
785 879 914 911 Ioannis
933 878 989 911 Dei
1011 878 1168 911 hactenus

432 934 551 967 erectis
580 939 612 966 et
644 933 675 965 in
708 936 872 975 posterum
898 931 1165 974 quandocumque

433 985 598 1028 erigendis
620 991 652 1018 et
667 985 862 1027 ubicumque
880 985 1024 1016 locorum
1042 983 1093 1015 dic
1111 993 1166 1016 vul

431 1038 538 1071 martii
558 1038 639 1070 sesto
663 1037 808 1069 eiusdem
832 1035 863 1068 S.
891 1035 1018 1068 Ioannis
1045 1035 1084 1067 de
1101 1034 1166 1066 Deo

432 1101 450 1124 a
474 1090 586 1133 primis
611 1089 752 1131 vesperis
776 1098 877 1130 usque
896 1087 934 1120 ad
953 1097 1102 1119 occasum
1121 1097 1167 1119 so-

431 1142 472 1176 lis
499 1142 569 1175 sesti
592 1141 774 1174 huiusmodi
793 1140 926 1182 singulis
945 1139 1036 1173 annis
1052 1140 1166 1172 devote

429 1194 641 1234 visitaverint,
678 1198 710 1226 et
744 1193 788 1225 ibi
824 1202 882 1235 pro
914 1191 1165 1224 christianorum

430 1247 613 1291 principum
637 1245 821 1284 concordia,
842 1245 1011 1277 haeresum
1029 1244 1167 1286 extirpa-

430 1300 533 1339 tione,
553 1309 588 1332 ac
613 1303 742 1330 sanctae
768 1297 880 1329 matris
896 1296 1059 1329 Ecclesiae
1082 1297 1168 1328 exal-

430 1352 564 1391 tatione,
584 1351 652 1394 pias
678 1351 716 1382 ad
733 1349 832 1382 Deum
849 1359 963 1392 preces
984 1347 1167 1387 effuderint,

430 1404 612 1448 plenariam
638 1403 780 1436 omnium
805 1407 1009 1445 peccatorum
1035 1412 1167 1434 suorum

432 1456 665 1498 indulgentiam
685 1461 716 1488 et
733 1455 959 1487 remissionem
984 1454 1169 1486 misericor-

433 1509 518 1542 diter
531 1509 562 1541 in
571 1509 708 1541 Domino
723 1506 1168 1540 concedimusPraesentibus

432 1562 599 1606 perpetuis
624 1560 737 1593 futuris
762 1560 961 1603 temporibus
986 1559 1144 1592 valituris.

476 1615 629 1647 Volumus
663 1620 769 1646 autem
801 1619 836 1645 ut
868 1613 1054 1646 earumdem
1079 1623 1169 1656 prae-

435 1668 576 1701 sentium
616 1667 795 1701 litterarum
839 1666 1051 1708 transumptis
1068 1692 1075 1705 ,
1113 1676 1166 1698 seu

437 1721 598 1764 exemplis,
614 1720 709 1753 etiam
727 1718 906 1762 i1npressi5‚
920 1729 1017 1751 manu
1034 1718 1169 1751 alicuius

432 1773 548 1806 notarii
568 1773 690 1816 publici
709 1771 910 1814 subscriptis,
930 1776 961 1804 et
978 1771 1086 1813 sigillo
1100 1780 1169 1813 pcr-

432 1837 529 1859 sonae
554 1826 587 1858 in
613 1825 830 1858 ecclesiastica
861 1824 1017 1866 dignitate
1049 1823 1170 1856 consti—

432 1885 518 1912 tutae
543 1879 690 1918 munitis,
717 1878 830 1910 eadem
852 1887 984 1920 prorsus
1008 1876 1089 1909 fides
1114 1877 1170 1909 ha-

434 1933 554 1971 beatur,
581 1942 662 1974 quae
695 1931 870 1963 haberetur
895 1929 972 1972 ipsis
990 1928 1170 1972 praesenti-

432 1985 503 2024 bus,
525 1984 551 2016 si
570 1985 674 2016 forent
692 1983 855 2015 exhibitae
874 1983 922 2014 vel
940 1986 1101 2014 ostensae.

477 2038 589 2069 Datum
615 2037 742 2075 Romae,
765 2035 848 2078 apud
874 2035 904 2067 S.
925 2034 1053 2067 Mariam
1074 2034 1170 2066 Maio—

433 2100 512 2127 rem,
528 2090 586 2121 sub
600 2090 720 2121 annulo
733 2087 916 2127 piscatoris,
936 2087 986 2119 die
1004 2096 1102 2119 xxviii
1117 2097 1169 2118 au-

435 2142 517 2185 gusti
542 2151 670 2181 MDCXCI,
689 2139 895 2184 pontificatus
912 2139 1016 2171 nostri
1033 2148 1118 2171 anno
1145 2149 1166 2171 1.

470 2203 529 2231 Dat.
540 2203 588 2245 vdie
603 2203 637 2232 28
651 2203 757 2239 augusti
774 2202 853 2236 1691,
873 2201 967 2237 pontif.
989 2208 1059 2229 anno
1079 2207 1098 2228 1.

775 2335 826 2370 XI.

437 2405 656 2449 Corzffrmatur
672 2411 700 2440 et
715 2406 890 2439 innovatur
906 2406 1094 2439 constitutio
1114 2405 1168 2438 Ur-

481 2460 559 2492 bani
582 2460 666 2493 VIII
684 2470 744 2503 pro
768 2460 1012 2492 necessitatibus
1030 2459 1169 2491 locorum

485 2512 733 2545 Termesanctae
753 2512 772 2545 ¹.

1011 239 1189 277 sunitarum
1213 249 1366 277 noussen

1950 251 2001 280 An.
2013 251 2043 281 C.
2068 252 2130 282 ¹69¹

1382 298 1581 326 Innocentius
1601 297 1680 332 Papa
1699 298 1762 334 ΧΠ,

1347 344 1384 371 ad
1402 343 1534 370 futuram
1553 343 1598 370 rei
1618 343 1801 371 memoriam.

1250 405 1423 437 Salvatoris
1449 410 1481 437 et
1496 404 1624 437 Domini
1644 405 1746 438 nostri
1762 404 1835 438 Iesu
1851 404 1944 438 Chri-

1206 457 1256 497 sti,
1275 457 1327 500 qui
1345 467 1405 500 pro
1423 457 1555 490 humani
1574 457 1702 499 generis
1718 458 1942 501 redemptione

1979 416 2099 441 Exordium.

1187 520 1240 545 :se
1277 510 1384 552 ipsum
1427 509 1604 542 exinanivit
1643 510 1746 543 sactus
1788 510 1943 544 obediens

1206 572 1309 605 usque
1333 562 1372 595 ad
1396 566 1535 595 mortem
1550 588 1558 602 ,
1584 562 1669 595 vices
1693 562 1770 595 licet
1792 561 1943 594 immeriti

1208 620 1357 656 gerentes
1373 614 1406 647 in
1423 614 1529 654 terris,
1550 615 1635 647 inter
1650 614 1847 658 multiplices
1875 625 1946 657 gra-

1206 667 1416 710 vissimasque
1448 667 1642 711 apostolicae
1667 667 1829 700 servitutis
1853 677 1944 700 curas

1207 720 1239 752 in
1264 731 1332 753 eam
1358 720 1532 763 praecipue
1557 720 1727 763 pastoralis
1751 720 1946 754 sollicitudi-

1207 773 1257 806 nis
1282 773 1451 816 vigilantia
1474 773 1711 813 incumbimus,
1737 779 1773 806 ut
1808 774 1887 806 tanti
1914 778 1945 807 et

1207 831 1271 858 tam
1292 825 1440 859 salutaris
1459 826 1602 869 mysterii
1624 831 1845 866 monumenta,
1862 836 1944 869 quae

1206 878 1239 910 in
1266 878 1394 912 civitate
1419 878 1622 912 Hierusalem
1649 884 1680 912 et
1704 879 1783 913 locis
1808 879 1946 912 circum-

1207 931 1321 963 vicinis
1346 936 1426 971 sunt,
1445 936 1688 971 conserventur,
1715 937 1746 964 et
1770 931 1857 965 omni
1882 942 1944 974 qua

1207 983 1277 1016 fieri
1295 983 1417 1026 poterit
1439 983 1555 1017 maiori
1581 984 1825 1017 honorificentia
1846 994 1941 1017 reco-

1207 1036 1327 1068 lantur.

1252 1088 1266 1129 ξ
1290 1088 1320 1120 [1.
1349 1088 1425 1121 Cum
1451 1088 1559 1131 itaque
1585 1090 1676 1128 alias,
1702 1089 1804 1122 felicis
1826 1099 1941 1122 recor·
1954 1099 1982 1129 ᾼιι
1996 1097 2138 1129 urbanovm

1208 1140 1348 1173 dationis
1372 1141 1503 1173 Urbano
1529 1141 1576 1173 PP
1600 1141 1664 1174 vlu
1695 1141 1942 1185 praedecessori
1953 1127 2138 1177 Il'f'slllsssss'l'mffl!

1208 1197 1318 1224 nostro
1344 1193 1491 1235 exposito
1522 1194 1609 1236 quod
1643 1194 1799 1226 eeclesiae
1825 1199 1857 1226 et
1881 1179 2138 1231 alialff'3.¹.¹l’3¹⁵0¹¹2²pss’.¹.i

1208 1246 1279 1277 loca
1299 1246 1351 1288 pia
1376 1246 1408 1278 in
1432 1246 1560 1278 civitate
1586 1246 1784 1280 Hierusalem
1817 1252 1848 1279 et
1871 1233 2138 1279 aliisffaissiiffiossssifiifi

1208 1297 1286 1330 locis
1303 1298 1550 1331 Terraesanctae
1569 1299 1739 1332 existentia
1754 1300 1821 1333 fere
1838 1283 2129 1331 dirutarorraesauctae.

1210 1355 1312 1389 erant,
1339 1354 1371 1383 et
1390 1361 1473 1393 quae
1498 1351 1604 1384 adhue
1621 1351 1665 1384 ibi
1682 1351 1861 1384 existebant
1878 1362 1945 1385 mo-

1209 1402 1350 1434 nasteria
1373 1412 1449 1435 aere
1474 1403 1591 1443 alieno,
1613 1403 1654 1436 ob
1672 1403 1803 1446 impiam
1828 1403 1946 1436 Turca-

1209 1465 1291 1494 rum,
1327 1455 1567 1487 haereticorum
1602 1459 1635 1487 et
1666 1455 1945 1488 schismaticorum

1210 1507 1421 1550 tyrannidem,
1447 1513 1480 1540 et
1503 1517 1563 1550 pro
1588 1513 1716 1540 sanctae
1741 1508 1816 1541 fidei
1838 1508 1947 1541 catho-

1210 1560 1290 1592 licae
1315 1560 1349 1592 in
1366 1560 1488 1593 eisdem
1506 1561 1587 1592 locis
1604 1560 1850 1594 conservatione
1868 1571 1946 1594 con-

1210 1617 1322 1652 tracto,
1339 1613 1512 1645 admodum
1531 1617 1660 1655 gravata
1684 1613 1944 1655 reperiebantur,

1210 1665 1295 1698 idem
1320 1664 1467 1697 Urbanus
1491 1665 1724 1708 praedecessor
1740 1664 1946 1707 patriarchis,

1211 1717 1478 1760 archiepiscopis,
1504 1717 1664 1760 episcopis
1697 1723 1728 1750 et
1761 1717 1831 1750 aliis
1861 1719 1947 1750 loco-

1211 1782 1279 1803 rum
1296 1770 1484 1808 Ordinariis,
1504 1780 1632 1803 necnon
1652 1770 1802 1803 omnibus
1827 1776 1859 1803 et
1882 1770 1947 1803 sin-

1211 1824 1294 1865 gulis
1320 1823 1505 1867 quorumvis
1529 1823 1697 1864 Ordinuin‚
1721 1823 1948 1865 congregatio-

1212 1888 1288 1909 num
1312 1883 1344 1909 et
1367 1876 1587 1910 institutorum
1620 1876 1816 1919 regularium
1848 1886 1948 1919 gene-

1211 1930 1345 1970 ralibus,
1358 1929 1560 1962 commiserit
1576 1934 1608 1961 et
1625 1928 1835 1969 mandaverit,
1854 1934 1890 1961 ut
1907 1929 1947 1962 ad

1212 1982 1318 2015 minus
1353 1982 1478 2014 duabus
1513 1981 1635 2013 vicibus
1671 1982 1817 2024 quolibet
1851 1992 1946 2022 anno,

1212 2036 1373 2067 Adventus
1394 2039 1426 2066 et
1441 2034 1710 2075 Quadragesimae
1735 2034 1947 2076 temporibus,

1213 2094 1273 2120 tam
1300 2097 1358 2130 per
1381 2087 1472 2119 verbi
1498 2086 1555 2118 Dei
1575 2086 1816 2128 praedicatores
1832 2085 1864 2118 in
1881 2086 1946 2119 suis

1211 2140 1309 2172 sacris
1334 2138 1561 2177 concionibus,
1586 2148 1683 2180 quam
1707 2138 1739 2170 in
1764 2138 1946 2171 actionibus

1212 2198 1243 2224 et
1262 2190 1480 2224 functionibus
1498 2189 1648 2233 publicis,
1671 2190 1882 2223 necessitates
1900 2201 1949 2223 eo-

1211 2245 1357 2277 rumdem
1385 2252 1551 2275 sacrorum
1582 2247 1867 2274 monumentorum
1891 2252 1949 2285 po-

1212 2299 1287 2341 pulo
1312 2295 1452 2340 proponi
1484 2300 1515 2328 et
1540 2294 1760 2328 commendari
1796 2299 1950 2327 curarent

1213 2356 1243 2384 et
1265 2352 1418 2389 facerent,
1439 2354 1469 2382 et
1494 2348 1581 2387 alias,
1603 2353 1699 2391 prout
1722 2348 1755 2380 in
1772 2347 1874 2390 ipsius
1890 2348 1949 2381 Ur-

1214 2403 1285 2436 bani
1311 2400 1569 2446 praedecessoris
1602 2400 1717 2432 litteris
1749 2400 1890 2442 desuper
1914 2400 1947 2432 in

1213 2456 1312 2489 simili
1347 2456 1449 2487 forma
1484 2452 1593 2485 Brevis
1634 2452 1685 2485 die
1721 2462 1757 2485 111
1793 2451 1948 2485 februarii

1215 2536 1253 2562 tif.
1272 2543 1298 2568 13
1315 2534 1378 2561 etin
1390 2533 1469 2559 huius
1484 2531 1622 2558 Pontificis
1638 2530 1746 2557 constit.
1763 2530 1807 2558 ed,
1823 2536 1948 2565 iuncxcvt,

476 2583 487 2608 1
510 2581 607 2608 Similis
622 2582 790 2609 confirmatio
807 2585 878 2609 extat
901 2582 928 2609 in
950 2581 1095 2608 Alexandii
1114 2581 1172 2607 VllI
1215 2580 1257 2607 die
1271 2579 1305 2605 ⁹24
1324 2577 1463 2607 februarii,
1480 2579 1555 2610 pont.
1582 2584 1605 2608 v,
1622 2576 1757 2610 reperitur
1781 2575 1949 2603 confirmatio

441 2625 548 2652 constit.
565 2625 628 2652 edit.
644 2632 801 2661 Mnebxxxlx,
818 2626 861 2653 die
877 2626 909 2653 18
923 2625 1087 2659 novembris,
1106 2633 1172 2660 pou-

1216 2624 1327 2653 alterius
1345 2620 1543 2650 constitutionis
1562 2627 1610 2648 oro
1630 2619 1726 2647 iisdem
1745 2619 1813 2648 locis
