2254 3225
217 230 265 253 tn.
283 225 310 251 c.
334 224 396 251 1601
445 214 509 248 268

261 1604 329 1624 Carur
345 1603 370 1623 V.

253 1631 283 1652 Do
298 1630 391 1652 silentio.

451 284 495 306 vi.
521 273 562 305 Ex
588 273 702 305 natura
732 272 827 305 huius
858 272 922 306 voti
948 272 1064 306 iterum
1090 273 1143 305 de-

408 327 566 359 claramus
587 325 679 358 valde
704 330 856 368 oportere
873 325 986 358 fratres
1012 330 1141 358 nostros

408 390 478 413 esse
504 379 622 422 iugiter
646 378 805 422 obsequio
830 378 903 412 fidei
931 379 1084 419 devictos,
1113 383 1143 410 et.

408 443 443 465 se
469 432 501 465 in
526 432 596 465 eius
622 431 747 465 actibus
773 442 935 471 exercere,
962 432 1142 473 crebroque

409 484 449 517 de
473 484 528 518 illa
552 484 734 528 explicitam
760 484 998 527 professionem
1025 484 1141 521 facere,

408 543 451 578 ut,
470 549 543 571 cum
560 548 650 571 casus
667 537 817 570 adveniat
834 547 900 580 quo
926 542 990 569 tam
1009 536 1142 568 heroice

409 601 469 634 pro
493 590 549 623 illa
573 601 606 623 se
631 591 801 629 devovere,
819 595 849 621 et
866 600 968 632 usque
993 589 1033 621 ad
1058 598 1145 620 mor-

410 651 475 677 tem
500 644 626 676 tradere
652 648 810 686 oporteat,
825 643 915 675 nullo
932 651 1081 675 moerore
1099 645 1145 672 te-

409 702 554 741 pescant,
573 696 630 729 sed
652 706 686 728 se
711 696 863 728 audacter
881 700 913 728 et
937 694 1041 727 valide
1068 693 1146 726 obii-

410 751 507 784 ciant.
534 750 622 782 Inter
646 748 774 782 fidetes¹
793 749 927 792 insuper
945 757 1146 782 commoran-

410 808 471 844 tes,
490 803 565 836 dum
590 802 737 845 pignoris
761 806 887 844 tempus
909 801 1072 844 impletur,
1094 804 1147 832 aut

410 854 628 899 redemptioni
653 854 868 895 incumbunt,
888 853 913 886 si
939 854 978 887 de
1003 852 1065 886 fide
1091 863 1147 895 po-

412 908 531 948 stulati,
553 907 602 941 vel
629 907 724 940 etiam
750 908 798 949 (ut
821 906 949 949 saepius
974 904 1145 947 contingit)

412 962 451 994 de
472 961 574 1004 ipsius
600 959 816 1001 abnegatione
841 958 975 1001 pulsati,
1003 968 1062 990 seu
1086 967 1146 1000 pro

412 1014 469 1046 illa
494 1019 526 1046 et
550 1022 686 1045 munere
707 1021 765 1044 suo
790 1010 977 1043 carceribus
1002 1015 1034 1042 et
1057 1019 1148 1041 aeru-

412 1066 495 1098 mnis
520 1064 628 1098 afflicti
653 1063 781 1103 fuerint,
800 1062 944 1104 cogitare
970 1061 1089 1093 debent
1109 1060 1146 1092 ad

414 1129 510 1161 quam
535 1122 654 1150 sortem
681 1116 755 1149 illos
780 1114 935 1147 Dominus
960 1123 1075 1146 vocare
1105 1112 1150 1145 di—

414 1176 530 1213 gnatus
555 1170 616 1209 sit,
642 1174 678 1201 ut
702 1179 776 1201 suae
807 1166 992 1200 dilectionis
1018 1171 1051 1199 et
1075 1165 1149 1198 fidei

413 1224 542 1267 pugiles
567 1223 788 1256 constitueret.

459 1285 515 1309 v11.
543 1276 674 1308 Demum
699 1285 758 1318 pro
783 1273 920 1316 captivis
936 1299 943 1313 ,
973 1277 1035 1305 tam
1072 1270 1150 1304 vivis

416 1339 513 1372 qnam
538 1328 709 1368 defunctis,
729 1337 823 1360 orare
848 1326 913 1359 illis
936 1325 1022 1359 omni
1048 1324 1152 1357 studio

416 1380 652 1424 praecipimus,
677 1385 721 1420 ut,
748 1389 829 1422 quos
855 1389 934 1411 auro
959 1383 993 1410 et
1017 1382 1151 1419 argento

417 1433 579 1466 redimere
604 1443 670 1465 non
695 1437 842 1475 possunt,
860 1432 974 1464 saltem
998 1429 1153 1463 orationi-

416 1486 478 1518 bus
503 1496 615 1518 eorum
639 1485 765 1517 vincula
789 1489 936 1527 satagant
959 1483 1151 1523 dissolvere,

419 1543 451 1570 et
474 1538 506 1571 in
531 1537 711 1581 purgatorii
733 1536 929 1570 cruciatibus
954 1536 1118 1568 adiuvare.

463 1602 486 1624 1.
513 1590 589 1624 Cum
615 1591 655 1623 ad
680 1589 900 1623 observantias
926 1588 1010 1622 vitae
1027 1590 1153 1631 regula-

420 1643 464 1677 ris
489 1653 724 1686 properemus,
751 1653 833 1685 quae
866 1641 948 1684 legis
972 1641 1099 1674 divinae
1125 1646 1156 1673 et

420 1703 569 1730 votorum
593 1701 667 1729 sunt
701 1696 901 1728 antemurale
927 1700 958 1728 et
982 1694 1152 1733 custodia,

420 1750 525 1793 primo
551 1750 583 1782 in
608 1748 737 1782 silentio
762 1748 941 1787 incidimus,
971 1747 1045 1790 quia
1068 1747 1155 1779 iuxta

421 1802 617 1845 Prophetam
643 1806 692 1834 est
716 1811 827 1833 revera
855 1805 963 1833 custos
989 1800 1130 1832 iustitiae
1146 1826 1153 1839 ‚

422 1860 463 1894 et,
483 1860 518 1887 ut
542 1855 585 1887 ait
609 1855 643 1887 B.
670 1854 813 1894 lacobus,
839 1853 883 1886 ita
907 1863 965 1897 per
991 1853 1156 1885 silentium

422 1907 566 1950 religiosi
594 1907 759 1947 efficimur,
779 1911 811 1939 et
828 1906 883 1950 qui
904 1916 969 1939 non
994 1906 1157 1938 fraenave-

423 1960 465 1993 rit
482 1960 626 2002 linguam
645 1970 743 2000 suam,
766 1959 835 1992 eius
859 1960 900 1992 sit
923 1969 1004 1991 vana
1027 1958 1155 2001 religio.

468 2024 503 2046 11.
531 2013 701 2046 Silentium
736 2023 814 2056 ergo
850 2023 980 2056 semper
1016 2012 1158 2044 habeant

424 2066 540 2099 fratres
565 2067 664 2099 nostri
682 2067 715 2098 in
736 2066 882 2105 ecclesia,
901 2066 933 2098 in
951 2066 1065 2105 choro,
1085 2065 1159 2098 dor-

423 2119 566 2159 mitorio,
584 2118 757 2151 refectorio
773 2123 803 2151 et
817 2119 968 2151 claustro.
987 2118 1062 2150 Post
1076 2128 1160 2150 com-

424 2172 598 2215 pletorium
624 2182 698 2204 vero
716 2172 836 2214 ubique
862 2170 982 2204 libere*2
999 2170 1159 2214 praecipi-

424 2234 497 2257 mus
523 2235 540 2256 a
567 2224 660 2267 signo
685 2224 771 2266 quod
796 2225 910 2267 hyeme
935 2234 994 2267 pro
1026 2223 1158 2256 silentio

425 2276 482 2309 fiet
512 2277 594 2310 hora
632 2279 761 2317 octava,
787 2282 906 2309 aestate
939 2282 1046 2309 autem
1078 2277 1160 2309 hora

425 2332 520 2369 nona,
536 2339 599 2372 quo
614 2330 710 2362 etiam
725 2335 895 2372 temporea
908 2329 1044 2372 prandio
1057 2340 1158 2372 usque

427 2383 466 2417 ad
490 2393 643 2426 vesperas
670 2383 836 2416 silentium
861 2393 930 2415 esse
955 2383 1140 2416 statuimus.

471 2446 519 2469 111.
545 2435 724 2469 Praedictis
742 2440 848 2468 autem
869 2435 970 2474 horis,
988 2435 1070 2468 facto
1089 2445 1158 2467 cum

428 2489 577 2532 cymbalo
613 2488 816 2521 conventuali
851 2488 966 2531 signo,
1004 2487 1161 2520 universis

464 2560 473 2586 1
497 2559 610 2586 Videtur
629 2559 771 2594 legendum
791 2559 922 2593 infideles
942 2559 983 2593 (a.
1000 2558 1050 2589 τ.).

989 224 1166 249 Rt'LLamt'M
1192 223 1343 247 noittxt'tt

1186 272 1336 304 fratribus
1368 269 1577 312 iniungimus,
1611 273 1646 302 ut
1679 269 1846 303 confestim
1876 269 1915 302 ad

1185 324 1332 367 proprias
1357 323 1454 356 cellas
1478 333 1512 355 se
1537 322 1717 365 recipiant,
1742 321 1798 354 ubi
1823 321 1916 354 altius

1186 381 1216 409 et
1240 375 1431 419 profundius
1457 385 1522 408 non
1547 385 1564 407 a
1588 375 1693 408 verbis
1719 375 1834 414 solum,
1858 374 1916 407 sed

1185 428 1224 461 ab
1242 428 1313 461 aliis
1330 438 1482 461 sensuum
1507 427 1729 460 locutionibus
1746 432 1777 460 et
1793 426 1915 460 actibus

1186 493 1220 515 se
1245 481 1441 522 abstineant,
1461 486 1610 527 egsuper
1627 480 1713 513 illius
1732 480 1795 513 diei
1821 480 1917 523 gestis

1185 546 1256 567 cum
1282 535 1347 567 Deo
1377 540 1408 567 et
1438 534 1536 567 corde
1571 535 1758 577 loquenteS,
1783 544 1918 567 examen

1186 587 1405 621 conscientiae
1420 587 1538 620 faciant
1551 587 1590 620 de
1604 587 1642 620 iis
1659 586 1821 628 omnibus,
1836 597 1918 630 quae

1186 641 1391 683 negligenter
1415 645 1448 673 et
1472 639 1615 672 indebite
1639 639 1917 682 perpetraverint,

1187 692 1212 726 si
1234 703 1316 736 quae
1342 703 1417 726 vcro
1441 692 1625 725 invenerint
1647 691 1846 734 deploranda
1868 702 1921 725 ve-

1187 746 1273 778 niam
1291 756 1308 778 a
1328 744 1464 778 Domino
1482 745 1667 788 impetrent.
1692 743 1811 783 Quibus
1830 744 1920 784 actis,

1188 803 1220 831 et
1244 809 1309 831 non
1327 798 1430 839 aliter,
1450 798 1591 831 audeant
1607 807 1640 830 se
1658 797 1804 840 recipere
1822 798 1854 830 in
1873 807 1922 831 re-

1188 851 1307 894 quiem.

1232 914 1272 937 1v.
1299 904 1329 936 Si
1355 903 1444 936 fratri
1468 903 1500 936 in
1525 903 1699 936 refectorio
1732 913 1783 936 res
1812 903 1922 947 aliqua

1189 967 1268 1000 opus
1290 956 1396 997 fuerit,
1411 967 1482 989 eam
1499 956 1603 999 signo,
1621 967 1676 989 seu
1688 956 1789 997 brevi,
1803 961 1835 989 et
1851 957 1923 989 sub-

1190 1009 1284 1042 missa
1315 1019 1393 1042 voce
1426 1011 1589 1052 postulet,
1621 1019 1661 1042 ne
1696 1009 1827 1041 lectoris
1857 1019 1923 1042 ver-

1191 1062 1278 1102 bum,
1299 1072 1358 1094 nec
1378 1062 1531 1104 pabulum
1548 1061 1664 1094 mentis
1688 1061 1857 1104 impediat:
1874 1062 1924 1094 in-

1191 1114 1274 1147 firmi
1310 1120 1342 1147 et
1377 1115 1606 1148 decumbentes
1638 1115 1687 1147 vel
1712 1114 1859 1158 hospites
1890 1115 1922 1147 in

1193 1168 1335 1210 hospitio
1359 1178 1424 1200 non
1450 1167 1697 1210 adstringuntur
1720 1167 1860 1208 silentio,
1885 1167 1923 1199 il-

1193 1220 1255 1252 lius
1279 1225 1383 1252 tamen
1410 1219 1610 1263 temporibus
1635 1219 1679 1252 ita
1703 1219 1787 1252 inter
1803 1229 1838 1252 se
1862 1220 1926 1252 sint

1193 1273 1327 1306 remissa
1350 1277 1382 1304 et
1406 1273 1574 1306 moderata
1598 1272 1768 1315 colloquia,
1785 1277 1820 1305 ut
1836 1273 1925 1305 nullo

1194 1326 1332 1368 strepitu
1357 1325 1528 1358 silentibus
1554 1325 1706 1358 officiant.

1238 1388 1268 1411 v.
1295 1378 1422 1410 Fratres
1442 1377 1630 1410 itinerantes
1651 1377 1683 1409 in
1700 1377 1812 1409 mensa
1828 1376 1924 1410 silen—

1196 1430 1271 1463 tium
1298 1435 1450 1470 teneant,
1472 1431 1521 1462 vel
1546 1430 1659 1462 saltem
1683 1429 1784 1462 vitent
1808 1429 1928 1462 tumul-

1197 1489 1291 1516 tuosa
1314 1483 1495 1526 colloquia3
1514 1483 1569 1515 ille
1586 1492 1664 1515 vero
1682 1481 1734 1525 qui
1753 1482 1858 1514 maior
1874 1486 1929 1515 aut

1196 1536 1324 1579 dignior
1348 1536 1380 1568 in
1405 1536 1519 1569 ordine
1544 1535 1663 1575 fuerit,
1683 1535 1804 1578 poterit
1826 1534 1926 1578 loqui,

1196 1589 1220 1622 si
1245 1590 1354 1629 libeat,
1380 1594 1411 1622 et
1435 1588 1551 1621 ceteris
1576 1593 1740 1631 praestare
1764 1588 1928 1621 licentiam

1196 1648 1285 1675 extra
1309 1641 1530 1675 refectorium.
1550 1640 1626 1674 Cum
1643 1641 1804 1684 episcopis
1822 1646 1928 1674 autem

1197 1702 1228 1728 et
1252 1694 1453 1738 magnatibus
1477 1694 1651 1737 aliquando
1672 1694 1877 1726 convivantes
1891 1693 1930 1725 si-

1197 1748 1332 1782 lentium
1360 1752 1546 1781 reverenter
1577 1751 1609 1780 et
1632 1747 1786 1789 religiose
1818 1752 1929 1779 custo—

1198 1801 1296 1843 diant,
1311 1800 1395 1843 quod
1410 1800 1541 1842 quidem
1554 1809 1703 1842 rumpere
1717 1809 1781 1831 non
1793 1799 1932 1832 audeant

1198 1864 1269 1886 cum
1295 1852 1356 1885 sibi
1383 1862 1440 1895 per
1465 1851 1594 1884 eosdem
1619 1861 1684 1884 non
1710 1851 1816 1884 liceat.
1836 1851 1933 1893 Magi-

1198 1911 1273 1945 ster,
1292 1910 1347 1938 aut
1367 1905 1436 1937 eius
1461 1905 1693 1944 locumtenens,
1719 1903 1844 1936 cunctis
1869 1904 1932 1936 sra-

1199 1960 1301 1991 tribus
1322 1967 1430 1990 secum
1447 1957 1692 2000 prandentibus,
1710 1955 1929 1999 provincialis,

1199 2012 1267 2044 eius
1292 2011 1444 2051 vicarius,
1472 2011 1521 2042 vel
1545 2009 1689 2042 visitator
1713 2009 1837 2042 duobus
1863 2014 1932 2042 tan-

1200 2071 1277 2105 tum,
1293 2068 1326 2098 et
1338 2064 1394 2096 uni
1420 2063 1560 2106 denique
1586 2062 1828 2095 commendator
1844 2067 1933 2105 pote·

1201 2122 1273 2150 runt
1290 2117 1460 2159 indulgere
1475 2114 1650 2148 silentium.
1670 2114 1796 2147 Fratres
1809 2114 1842 2147 in
1856 2123 1934 2147 con-

1200 2170 1341 2203 fessione
1371 2170 1538 2212 culparum
1565 2168 1604 2200 de
1629 2167 1788 2200 fractione
1813 2166 1934 2200 silentii

1200 2234 1233 2257 se
1248 2222 1415 2256 humiliter
1439 2225 1604 2261 accusent,
1627 2226 1659 2253 et
1679 2220 1766 2253 iuxta
1783 2219 1933 2252 meritum

1200 2277 1378 2321 puniantur
1402 2275 1704 2309 commendatorum
1730 2273 1876 2306 arbitrio.

1246 2340 1267 2363 1.
1288 2329 1327 2362 Ut
1343 2328 1476 2371 antiqua
1491 2328 1574 2360 vitae
1591 2326 1748 2369 regularis
1766 2325 1938 2358 observan-

1203 2383 1246 2416 tia
1276 2392 1340 2415 non
1365 2381 1510 2420 excidat,
1540 2390 1636 2423 quani
1667 2380 1825 2412 haetenus
1848 2378 1936 2412 Ordo

1203 2434 1362 2474 sustinuit,
1389 2434 1524 2466 firmiter
1548 2432 1728 2465 stabilimus
1752 2436 1787 2464 ut
1808 2431 1840 2463 in
1856 2431 1936 2474 vigi-

1203 2488 1253 2520 liis
1279 2497 1362 2531 quae
1387 2487 1582 2525 ieiunantur,
1606 2490 1638 2518 et
1661 2495 1721 2527 per
1743 2489 1847 2517 totum
1872 2485 1935 2518 Ad-

1202 2547 1331 2574 ventum
1357 2545 1389 2573 et
1411 2539 1708 2581 Quadragesimam,
1731 2537 1762 2569 in
1779 2537 1936 2575 Quatuor-

464 2603 480 2630 ⁶2
495 2603 541 2631 Vel
557 2603 615 2638 lege
631 2604 727 2638 waere
739 2603 779 2630 vel
796 2606 888 2631 tacere
902 2606 948 2630 aut
963 2602 1049 2631 simile
1064 2603 1101 2637 (a.
1113 2604 1160 2630 τ.).
1205 2605 1267 2638 que
1284 2593 1504 2636 'Temporibus
1523 2591 1549 2624 si
1567 2591 1622 2624 fiat
1639 2591 1778 2625 officium
1792 2590 1830 2623 de
1845 2589 1936 2640 feria,

1929 221 1979 250 An.
1990 221 2021 250 C.
2041 220 2107 250 1691

1979 2332 2048 2354 ΕΔΜ-ιτ
2063 2331 2098 2353 Vl.

1954 2359 1984 2380 Da
1995 2359 2121 2385 disciplinis.
