2254 3225
427 273 491 307 954
978 279 1154 305 numanum
1179 279 1329 304 Romanum

469 335 497 368 ei
523 343 671 367 concessa
702 333 760 366 fuit
794 332 922 367 facultas
957 333 1097 376 erigendi
1129 333 1400 367 confraternitates
1436 333 1494 366 sub
1526 333 1636 367 eadem
1664 332 1920 368 denominatione

469 388 635 421 Doctrinae
659 386 851 420 Christianae
877 387 906 419 in
932 386 1007 430 ipsis
1031 386 1108 420 locis
1142 387 1195 419 ubi
1220 386 1428 430 Congregatio
1454 386 1613 431 praedicta
1638 385 1749 420 domos
1772 387 1920 428 haberet,

470 442 646 476 extenditur
671 441 708 473 ad
733 441 801 473 loca
826 440 879 473 ubi
903 440 1111 482 Congregatio
1137 440 1301 473 missiones
1326 445 1459 482 exercet,
1478 440 1541 473 7⁶25
1566 440 1582 472 b
1606 444 1636 474 et
1660 451 1730 484 seq.;
1756 440 1919 474 decretum

471 494 731 538 Congregationis
772 493 994 536 episcoporum
1034 497 1064 524 et
1099 493 1314 534 regularium,
1341 493 1423 526 circa
1448 493 1686 536 abrogationem
1712 494 1920 527 discretorum

471 549 611 582 eiusdem
637 545 906 589 Congregationis,
932 545 1148 585 confirmatur,
1175 544 1236 577 780
1261 545 1276 577 h
1302 551 1331 578 ct
1355 557 1430 589 seq.;
1462 546 1537 578 item
1567 546 1728 579 decretum
1760 546 1860 587 aliud,
1885 546 1923 580 dc

472 603 648 634 interventu
673 600 839 642 generalis,
857 599 1099 642 provincialium
1125 603 1155 631 et
1181 604 1337 632 rectorum
1364 609 1435 631 cum
1461 598 1604 632 discretis
1628 599 1659 631 in
1684 599 1827 643 capitulis
1851 610 1925 643 pro⁴

468 654 658 688 ‘vincialibus
684 652 839 693 eiusdem,
865 651 1089 693 confirmatur,
1115 651 1179 685 828
1197 663 1216 685 α
1245 658 1274 685 ct
1298 663 1376 696 seq.;
1392 652 1462 685 vide
1487 652 1588 685 elium
1611 652 1722 686 Clerici
1739 653 1924 686 saeculares.

385 708 594 752 Congregatio
631 706 889 750 presbyterorum
922 705 1129 737 saecularium
1164 705 1196 737 B.
1224 705 1262 737 M.
1297 705 1433 748 Virginis
1466 707 1668 749 Assumptae‚
1694 707 1765 739 victe
1796 706 1927 751 Presby-

476 762 531 795 teri
558 761 734 794 saeculares
761 759 791 792 B.
818 759 854 791 M.
882 758 1017 801 Virginis
1042 759 1238 802 Assumptae.

385 815 593 859 Congregatio
624 813 879 858 presbyterorum
914 812 1123 845 saecularium
1149 812 1323 852 Missionis,
1356 813 1425 845 mle
1456 812 1632 857 Presbyteri
1668 812 1928 856 Congregationis

475 868 640 902 Missionis.

388 922 596 968 Congregatio
622 921 879 964 presbyterorum
902 919 1110 952 saecularium
1136 919 1168 951 in
1193 919 1327 961 collegio
1353 919 1385 952 S.
1416 918 1528 951 Luciae
1553 918 1742 952 Bononiensi
1767 918 1930 953 Societatis

476 977 554 1009 Iesu.
582 976 668 1008 Illam
698 973 793 1006 erexit
821 973 954 1006 Iacobus
978 973 1214 1016 Boncompagni
1240 973 1497 1016 archiepiscopus
1527 972 1742 1013 Bononiensis,
1767 977 1801 1005 ut
1824 973 1931 1015 legere

478 1035 524 1063 est
549 1029 631 1072 apud
658 1027 874 1061 Innocentium
901 1026 972 1068 XII,
998 1025 1062 1059 438
1088 1037 1126 1066 α;
1153 1026 1414 1069 Congrcgationis
1439 1025 1578 1058 ciusdem
1597 1025 1835 1058 constitutiones
1858 1035 1934 1058 non-

482 1084 604 1122 nutias,
630 1082 668 1113 ab
694 1081 803 1114 eodem
831 1080 1069 1124 archiepiscopo
1095 1080 1331 1123 praescriptas,
1357 1083 1498 1113 recenset
1518 1084 1547 1112 et
1579 1078 1745 1112 confirmat
1773 1078 1933 1119 Pontifex,

481 1136 545 1170 438
571 1137 587 1168 b
612 1140 642 1168 et
665 1146 725 1179 seq.

391 1191 602 1235 Congregatio
628 1189 885 1232 presbyterorum
912 1187 1120 1219 saecularium
1143 1187 1195 1220 SS.
1216 1187 1374 1221 Trinitatis
1399 1187 1642 1231 peregrinorum
1663 1190 1693 1220 et
1717 1186 1936 1220 convalescen-

480 1246 559 1278 tium
579 1244 616 1276 de
634 1243 728 1281 Urbe,
746 1240 809 1274 427
829 1240 858 1280 b3
877 1240 1118 1274 constitutiones
1142 1240 1305 1283 quasdam,
1331 1251 1389 1285 pro
1414 1240 1495 1273 felici
1514 1239 1653 1273 eiusdem
1675 1238 1937 1283 Congregationis

482 1298 655 1331 directione
680 1298 848 1337 formatas,
874 1299 1017 1327 recenset
1042 1294 1243 1328 Innocentius
1268 1295 1342 1337 XII,
1363 1293 1427 1327 4028
1452 1305 1471 1327 (ι
1495 1299 1525 1327 et
1548 1304 1624 1337 seq.;
1650 1298 1681 1326 et
1712 1293 1878 1326 confirmat
1901 1303 1937 1326 ac

483 1352 646 1396 approbat,
677 1349 738 1383 4:36
764 1360 796 1382 α.

392 1406 601 1450 Congregatio
623 1405 651 1438 S.
678 1402 837 1447 Ilyppoliti
862 1402 1028 1445 hospitalis
1053 1412 1228 1446 pauperum
1254 1401 1455 1434 infirmorum
1481 1401 1512 1433 in
1545 1400 1640 1434 Indiis
1664 1400 1938 1442 Occidentalibus‚

481 1460 539 1492 931
571 1460 605 1498 h,
634 1458 664 1489 in
689 1456 853 1489 formalem
881 1456 1059 1497 regularem
1086 1455 1271 1497 religionem
1297 1455 1355 1487 sub
1381 1456 1490 1498 regula
1516 1455 1545 1488 S.
1572 1454 1748 1497 Augustini,
1773 1465 1845 1487 cum
1863 1465 1939 1498 qua-

485 1520 555 1545 tuor
582 1512 660 1544 votis
684 1516 714 1542 ct
739 1509 934 1542 subiectione
959 1510 987 1541 S.
1015 1508 1098 1548 Sedi,
1124 1509 1223 1540 erexit
1247 1509 1450 1541 Innocentius
1474 1508 1544 1548 Xll,
1570 1507 1634 1541 932
1660 1519 1678 1541 ιι
1705 1513 1734 1540 et
1758 1518 1832 1551 seq.;
1860 1508 1940 1542 Con·

486 1565 662 1609 gregationi
690 1563 847 1607 praefatae
872 1561 1039 1605 privilegia
1064 1567 1094 1594 et
1119 1561 1329 1603 indulgentias
1354 1572 1462 1594 omnes
1488 1561 1706 1601 confirmavit,
1731 1562 1825 1601 ibiet.;
1851 1561 1937 1595 Con-

485 1618 677 1662 gregationis
703 1616 877 1649 charitatis
902 1615 1079 1658 praedictae
1106 1615 1135 1646 in
1161 1615 1254 1647 Indiis
1272 1613 1524 1648 occidentalibus
1541 1614 1779 1647 constitutiones
1797 1614 1937 1647 nonnul-

486 1673 529 1705 las
556 1676 697 1703 recenset
723 1670 822 1710 idem,
849 1668 912 1701 938
938 1669 971 1707 b,
997 1668 1239 1711 Congregationi
1273 1668 1451 1711 praedictae
1477 1668 1638 1701 charitatis
1663 1668 1693 1700 S.
1722 1667 1882 1712 Hyppoliti
1908 1667 1939 1699 in

486 1725 580 1757 Iudiis
613 1723 862 1757 Occidentalibus
895 1722 1133 1755 constitutiones
1166 1722 1279 1754 relatas
1312 1722 1511 1755 confirmavit
1535 1721 1617 1754 idem
1643 1721 1843 1755 Innocentius
1867 1721 1941 1761 XII,

487 1779 550 1813 943
576 1792 607 1813 a.

399 1835 608 1877 Congregatio
633 1833 663 1866 S.
690 1831 807 1864 Patritii
834 1831 865 1863 in
891 1841 989 1873 regno
1016 1829 1194 1869 Hiberniae,
1220 1829 1290 1862 vide
1313 1828 1459 1863 Canonici
1485 1828 1666 1871 Regulares.

400 1888 610 1931 Congregatio
636 1887 666 1919 S.
695 1887 731 1918 R.
756 1885 788 1917 E.
818 1884 1023 1917 caidinalium
1046 1884 1237 1916 Lauretana
1260 1886 1448 1926 nuncupata,
1473 1892 1574 1925 nuper
1599 1887 1713 1922 erecta,
1739 1879 1802 1914 836
1827 1880 1860 1921 (13
1886 1880 1944 1925 ipsi

492 1940 740 1974 iurisdictionem
767 1938 981 1972 omnimodam
1015 1938 1045 1969 in
1083 1937 1113 1970 S.
1142 1937 1275 1970 Domum
1307 1941 1337 1968 et
1369 1936 1525 1968 civitatem
1557 1935 1763 1968 Lauretanan]
1793 1934 1947 1967 concessit

490 1993 689 2026 Innocentius
711 1992 781 2030 XII,
806 1997 835 2023 et
860 1990 998 2023 eiusdem
1025 1990 1185 2022 facultates
1208 1995 1360 2030 recenset,
1383 1989 1469 2027 ibid.;
1496 1994 1528 2021 ut
1552 1988 1762 2031 Congregatio
1787 1987 1947 2031 praedicta

491 2048 533 2079 uti
567 2046 695 2079 deberet
725 2044 899 2078 ministerio
931 2044 1068 2087 episcopi
1101 2049 1130 2076 et
1155 2043 1397 2086 gubernatoris,
1425 2042 1539 2085 quibus
1568 2047 1738 2086 propterea
1763 2041 1947 2075 conceditur

491 2098 794 2143 superintendentia,
820 2097 959 2130 decrevit
984 2096 1045 2130 837
1065 2107 1100 2136 a,
1126 2096 1285 2140 praefatae
1310 2096 1357 2129 ius
1378 2095 1557 2129 declarandi
1584 2096 1664 2128 lianc
1690 2095 1947 2129 constitutionem

493 2153 618 2192 tribuit,
644 2152 706 2185 8:37
732 2153 756 2183 b.

405 2207 617 2249 Congregatio
642 2207 669 2238 S.
698 2206 730 2238 It.
758 2205 790 2237 E.
817 2204 1024 2237 cardinalium
1050 2214 1156 2237 sacrae
1183 2203 1367 2236 visitationis
1393 2203 1432 2235 ab
1457 2202 1633 2235 Alexandro
1650 2202 1701 2235 VII
1720 2202 1861 2234 instituta
1880 2201 1948 2243 suit,

492 2265 522 2291 et
546 2260 583 2290 al)
609 2269 645 2291 co
672 2258 879 2299 facultatibus,
907 2258 1162 2301 praeeminentiis
1187 2263 1217 2290 et
1241 2257 1369 2289 indultis
1393 2257 1548 2297 decorata,
1566 2255 1607 2288 36
1625 2256 1659 2296 b;
1688 2254 1949 2298 Congregationis

494 2312 672 2355 praedictae
697 2312 834 2344 officium
872 2317 918 2344 est
953 2312 1099 2344 ecclesias
1124 2316 1154 2344 et
1179 2311 1229 2354 pia
1255 2311 1322 2344 loca
1347 2310 1439 2344 Urbis
1469 2310 1614 2351 visitare,
1635 2308 1726 2348 ibid.;
1762 2306 1949 2341 visitationis

496 2365 673 2408 praedictae
696 2365 734 2396 ab
760 2365 868 2396 eadem
895 2364 1147 2407 Cougregatione
1179 2363 1378 2407 peragendae
1409 2363 1675 2396 continuati0nern
1709 2366 1796 2394 motu
1820 2360 1950 2404 proprio

498 2418 658 2461 praecepit
682 2418 857 2450 Alexander
886 2418 970 2457 vill,
996 2417 1036 2450 37
1059 2428 1095 2457 (13
1120 2417 1233 2450 iterum
1260 2416 1408 2448 indicitur
1433 2416 1471 2448 ab
1496 2414 1678 2448 Innocentio
1704 2413 1767 2453 XII,
1784 2412 1850 2446 494
1874 2424 1894 2446 α
1919 2418 1950 2447 et

497 2482 573 2515 seq.;
599 2471 858 2513 Congrcgationis
883 2471 1021 2503 eiusdem
1049 2471 1211 2503 facultates
1243 2475 1272 2502 et
1306 2469 1473 2513 privilegia
1502 2467 1700 2501 confirmavit
1729 2472 1759 2499 et
1790 2466 1950 2500 innovavit

499 2525 592 2563 idem,
618 2524 680 2556 497
707 2524 733 2563 ἰ),
760 2524 817 2556 501
848 2534 878 2563 ct,
904 2524 967 2556 502
993 2524 1020 2561 b,
1047 2523 1110 2556 503
1136 2524 1162 2563 I),
1188 2523 1251 2556 508
1276 2534 1296 2556 α
1320 2529 1428 2566 etseq.

412 2577 622 2619 Congregatio
646 2578 677 2609 S.
699 2577 732 2608 r..
754 2576 788 2608 13.
812 2576 1016 2608 cardinalium
1044 2586 1138 2619 super
1163 2576 1326 2619 disciplina
1351 2575 1499 2618 regulari,
1524 2585 1595 2607 cum
1621 2573 1824 2606 concessione
1851 2573 1951 2606 facul-

497 2635 595 2661 tatum
622 2630 702 2662 intra
728 2631 804 2661 lines
830 2629 933 2661 Italiae
959 2634 988 2661 et
1013 2635 1118 2669 extra,
1143 2628 1350 2662 confirmatur
1372 2619 1420 2661 'ab
1447 2627 1628 2661 Innocenti0
1652 2627 1722 2667 XII,
1748 2626 1812 2660 824
1835 2627 1861 2659 b:

414 2682 623 2727 Congregatio
649 2683 677 2717 S.
698 2684 730 2717 n.
754 2683 786 2716 E.
813 2682 1019 2717 cardinalium
1045 2693 1141 2727 super
1166 2688 1247 2715 statu
1272 2682 1466 2726 regularium
1491 2681 1529 2714 ab
1554 2680 1735 2714 Innocentio
1755 2681 1779 2714 X
1799 2679 1948 2720 instituta,

2233 2532 2254 2810 Imm
2243 2488 2249 2510 -·
2240 2252 2254 2472 -οἳω-Μια
2243 2178 2254 2238 ,.·..ν
2251 2151 2254 2166 .,
2252 2132 2254 2134 .
2252 2108 2254 2112 .
2243 2017 2254 2067 νμ-

2236 2829 2254 2923 ..u-ff„
