2254 3225
217 229 269 254 Aa.
286 226 315 254 c.
338 227 404 254 ¹696
449 217 513 254 758

991 226 1168 252 BULLARUJM

414 277 627 310 existentibus
660 277 815 310 fratribus
848 276 1054 310 studentibus
1089 279 1168 309 seu*

414 330 553 363 alumnis
585 330 731 364 eiusdem
763 330 793 363 S.
822 330 917 363 Marci
948 329 1146 368 Florentini,

415 381 447 416 S.
469 383 626 417 Dominici
656 384 808 417 Fesulani
830 394 866 416 ac
891 383 921 416 S.
941 383 1047 416 Iacobi
1071 382 1147 415 eivi-

416 436 491 469 tatis
509 436 539 469 S.
559 436 697 469 Miniatis
723 436 904 479 respective
930 440 1147 468 conventuum

416 488 493 522 dieti
514 489 642 522 Ordinis
660 488 893 522 indulserimus
909 493 945 520 ut
965 488 1072 520 studia
1092 496 1148 519 sua

417 541 451 574 in
464 542 631 585 praedicto
649 546 808 574 conventu
829 541 861 573 S.
880 540 974 572 Marci
991 548 1149 582 peragere

416 599 552 638 possent
572 604 642 626 cum
660 593 775 626 iisdem
801 592 933 625 omnino
958 590 1147 635 privilegiis,

418 657 455 679 ac
472 647 497 680 si
516 647 571 680 illa
587 646 619 679 in
635 646 666 679 S.
682 646 799 679 Mariae
813 656 911 689 super
924 645 1098 678 Minervam
1112 643 1151 676 de

417 699 513 740 Urbe,
528 699 594 732 sive
608 699 639 732 in
654 699 810 732 Perusino
824 698 1002 742 respective
1020 706 1152 730 conven-

417 752 503 785 tibus
530 751 714 795 provinciae
746 751 911 795 praefatae
942 753 1149 793 peragerent,

419 806 597 839 dummodo
615 811 730 844 tamen,
746 804 927 838 studiorum
945 812 1078 836 suorum
1095 802 1154 834 liu-

418 859 557 892 iusmodi
573 858 734 892 curriculo
749 863 859 891 exacto
872 862 932 900 ‘pro
947 857 1045 899 gradu
1058 856 1154 888 lecto-

419 913 464 945 ris
489 912 698 955 suscipiendo
725 910 861 944 examini
888 910 919 942 in
945 909 1060 942 eodem
1080 918 1155 946 con-

418 970 515 998 ventu
530 965 561 998 S.
573 965 690 998 Mariae
707 975 804 1007 super
817 964 990 996 Minervam
1001 961 1154 994 habendo

418 1028 451 1050 se
465 1017 673 1057 subiicerent,
693 1015 965 1060 quemadmodum
984 1015 1154 1057 hucusque

419 1072 623 1104 observatum
648 1070 727 1110 suit;
754 1068 892 1102 subinde
923 1078 1010 1108 vero,
1037 1077 1155 1110 nempe

418 1134 503 1157 anno
513 1123 664 1163 uncxcv¹,
675 1127 851 1155 conventus
863 1121 1079 1165 supradictos,
1091 1130 1155 1163 quo

418 1177 522 1220 magis
546 1177 706 1220 regularis
734 1175 939 1208 observantia
963 1173 1079 1207 inillis
1099 1178 1156 1206 sta-

418 1230 563 1271 biliatur,
590 1230 630 1262 ab
654 1229 740 1262 omni
773 1233 804 1261 et
836 1237 1038 1271 quacumque
1062 1226 1156 1259 iuris-

420 1283 563 1317 dictione
610 1293 646 1316 ac
686 1281 917 1325 superioritate
943 1284 1018 1314 tunc
1043 1284 1074 1312 et
1097 1290 1155 1323 pro

420 1341 568 1380 tempore
598 1335 763 1368 existentis
799 1334 918 1377 prioris
949 1332 1155 1377 provincialis

419 1394 618 1422 memoratae
640 1387 826 1431 provinciae
852 1392 1010 1429 perpetuo
1036 1386 1156 1419 exime-

419 1442 519 1474 rimus
544 1446 576 1475 et
595 1440 742 1484 plenarie
760 1438 1018 1477 liberaverimus,
1035 1448 1155 1481 eosque

421 1495 454 1527 in
486 1494 662 1538 praefatam
687 1493 717 1525 S.
752 1492 845 1524 Marci
882 1491 1068 1534 provinciae
1093 1491 1157 1523 Ro-

421 1558 535 1581 manae
577 1545 826 1589 nuncupandam
863 1544 1155 1587 Cougregationem

421 1608 482 1644 per
505 1599 657 1633 vicarium
683 1599 878 1641 generalem,
894 1609 911 1630 a
927 1597 1074 1630 similiter
1098 1607 1156 1640 pro

422 1659 571 1696 tempore
597 1652 755 1685 existente
773 1651 930 1693 magistro
949 1650 1092 1693 generali
1111 1650 1158 1683 di-

422 1706 464 1740 cti
489 1705 618 1739 Ordinis
643 1703 895 1744 instituendum,
922 1703 1097 1745 regendam
1126 1707 1158 1735 et

423 1758 680 1802 gubernandam,
701 1758 758 1789 sub
778 1756 874 1789 certis
893 1756 987 1788 modo
1010 1761 1040 1788 et
1057 1756 1158 1788 forma

422 1816 501 1845 tunc
526 1810 698 1854 expressis,
721 1810 842 1852 pariter
867 1814 1026 1852 perpetuo
1051 1819 1159 1841 erexe-

422 1865 523 1898 rimus
541 1868 573 1896 et
590 1862 844 1895 instituerimus:
861 1861 920 1904 ipsi
946 1866 1155 1904 exponentes,

423 1927 489 1960 quo
523 1915 683 1948 eiusmodi
720 1924 800 1957 opus
837 1914 1021 1946 absolutum
1053 1914 1158 1956 perfe-

423 1974 575 2012 ctumque
600 1968 771 2007 reddatur,
797 1967 972 2009 omniaque
997 1977 1068 1999 cum
1094 1977 1158 1999 ma-

422 2021 485 2055 iori
510 2032 619 2054 eorum
642 2021 825 2059 commodo,
851 2031 930 2063 pace
949 2025 981 2052 et
997 2020 1103 2063 quiete
1121 2030 1158 2052 ac

422 2074 540 2108 mentis
566 2074 599 2106 in
624 2074 723 2107 Deum
748 2073 980 2106 recollectione
1005 2083 1158 2115 peragan-

423 2132 484 2169 tur,
509 2126 685 2170 plurimum
707 2127 851 2170 cupiunt,
870 2137 903 2159 se
920 2126 976 2159 illa
993 2127 1158 2159 studentes

424 2190 481 2213 seu
505 2181 653 2212 alumnos
680 2190 755 2212 suos
780 2180 943 2222 praefatos
970 2180 1008 2212 ad
1034 2179 1156 2211 dictum

425 2237 616 2265 conventum
642 2232 672 2265 S.
700 2232 819 2265 Mariae
851 2242 949 2275 super
973 2232 1156 2273 Minervam,

426 2286 476 2319 cui
491 2287 676 2319 nullatenus
690 2285 829 2327 amplius
854 2285 1022 2318 subiacere
1045 2285 1158 2328 digno-

425 2344 576 2379 scuntur,
596 2349 657 2382 pro
676 2349 787 2371 eorum
808 2339 846 2370 ad
872 2339 1002 2371 lectoris
1022 2340 1157 2381 gradum

425 2392 613 2425 huiusmodi
647 2392 791 2424 examine
823 2393 1061 2425 transmittendi
1086 2394 1157 2436 lege

425 2445 526 2485 solvi,
561 2445 642 2477 itaut
677 2444 724 2477 illi
759 2445 797 2477 de
833 2450 942 2478 cetero
974 2446 1006 2477 in
1043 2447 1157 2479 eodem

425 2503 586 2531 conventu
610 2498 641 2530 S.
669 2497 762 2529 Marci
790 2508 847 2540 pro
873 2498 971 2539 gradu
990 2500 1156 2541 praedicto

425 2551 465 2584 ad
491 2550 724 2593 praescriptum
742 2550 1008 2583 constitutionum
1029 2551 1157 2585 Ordinis

459 2613 472 2639 1
494 2612 564 2639 Edit.
587 2612 665 2640 main.
687 2612 751 2648 legit
774 2613 840 2640 1:395
859 2619 895 2648 tu.
916 2614 966 2648 T.).

1193 226 1346 251 ROMANUM

1189 274 1369 309 examinari
1400 274 1546 313 valeant,
1580 269 1850 315 quemadmodum
1885 268 1919 301 in

1188 328 1335 371 pluribus
1362 332 1393 360 et
1414 325 1555 365 diversis,
1574 334 1691 367 nempe
1705 324 1738 356 in
1752 323 1783 356 S.
1802 321 1919 355 Mariae

1189 380 1228 413 de
1263 379 1403 412 Sanitate
1438 377 1672 421 Neapolitana,
1698 376 1730 410 S.
1761 374 1854 408 Marci
1880 374 1920 407 de

1189 431 1328 472 Gavotis,
1355 431 1407 464 SS.
1428 430 1553 464 Rosarii
1577 429 1788 468 Venetiamm,
1813 437 1923 470 respe-

1190 484 1270 517 ctive
1294 483 1499 526 nuncupatis,
1524 482 1660 525 aliisque
1686 481 1819 514 fratrum
1837 480 1922 513 eius-

1192 536 1265 569 dem
1288 535 1416 568 Ordinis
1433 533 1745 577 Congregationibus
1761 532 1830 566 fieri
1847 542 1924 565 con-

1192 588 1306 621 suevit.

1237 641 1252 684 §5
1272 640 1303 673 2.
1325 640 1389 674 Nos
1406 640 1513 683 igitur,
1533 640 1623 683 ipsos
1638 643 1838 682 exponentes
1855 647 1926 681 spe-

1929 221 1980 247 An.
1991 220 2020 246 C.
2046 218 2111 245 109ss

2005 652 2118 674 concessu,

1919 691 1925 696 -
1951 679 2046 700 raedicia

1194 693 1329 727 cialibus
1365 694 1530 727 favoribus
1561 698 1593 726 et
1630 693 1741 736 gratiis
1773 685 2122 735 prosequitomfflami„tl.

1194 748 1349 787 volentes,
1377 754 1408 780 et
1431 757 1542 780 eorum
1563 746 1743 788 singulares
1768 754 1927 789 personas

1196 811 1213 833 a
1237 800 1401 843 quibusvis
1418 797 1768 838 excommunicationis,
1792 807 1930 841 suspen-

1197 853 1296 886 sionis
1321 858 1352 886 et
1371 852 1547 893 interdicti,
1572 851 1708 895 aliisque
1733 850 1930 899 ecclesiasti-

1197 906 1241 939 cis
1265 905 1448 946 sententiis,
1473 905 1618 938 censuris
1633 910 1665 937 et
1680 905 1805 948 poenis,
1824 915 1842 936 a
1857 903 1928 936 iure

1197 958 1246 992 vel
1269 959 1307 991 ab
1325 958 1466 999 homine,
1486 958 1596 1002 quavis
1612 958 1781 991 occasione
1800 957 1849 990 vel
1863 967 1932 990 cau-

1198 1012 1233 1044 sa
1257 1011 1343 1052 latis,
1370 1012 1395 1044 si
1421 1011 1537 1054 quibus
1563 1010 1808 1054 quomodolibet
1830 1009 1928 1043 inno-

1199 1064 1291 1097 datae
1317 1064 1468 1104 existunt,
1487 1064 1526 1097 ad
1544 1063 1691 1097 effectum
1708 1062 1931 1107 praesentium

1199 1117 1364 1150 dumtaxat
1399 1117 1674 1160 consequendum,
1700 1116 1812 1149 harum
1847 1115 1931 1149 serie

1199 1172 1403 1204 absolventes
1428 1176 1460 1203 et
1481 1171 1642 1203 absolutas
1660 1170 1729 1202 fore
1747 1174 1930 1210 censentes,

1199 1223 1386 1257 huiusmodi
1408 1222 1699 1266 supplicationibus
1717 1222 1875 1262 inclinati,
1893 1222 1932 1255 de

1198 1276 1431 1311 venerabilium
1448 1277 1582 1309 fratrum
1596 1282 1781 1309 nostrorum
1795 1275 1827 1308 S.
1843 1275 1880 1308 R.
1895 1274 1931 1309 E.

1199 1330 1411 1364 cardinalium
1437 1335 1468 1363 et
1489 1330 1686 1363 dilectorum
1705 1329 1846 1362 filiorum
1870 1328 1934 1361 Ro-

1198 1394 1311 1416 manae
1336 1382 1449 1416 Curiae
1474 1383 1693 1427 praelatorum
1719 1393 1815 1426 super
1840 1381 1934 1415 disei-

1199 1438 1288 1480 plina
1312 1436 1455 1479 regulari
1480 1436 1665 1479 specialiter
1688 1447 1706 1468 a
1729 1435 1821 1468 nobis
1834 1435 1934 1478 depu-

1202 1494 1338 1522 tatorum
1364 1489 1511 1527 consilio,
1537 1494 1574 1520 ut
1597 1489 1712 1521 fratres
1734 1488 1836 1520 dictae
1853 1487 1934 1521 Con-

1200 1541 1399 1584 gregationis
1428 1541 1459 1574 S.
1486 1541 1583 1573 Marci
1617 1541 1829 1583 imposterum
1862 1550 1934 1573 exa—

1200 1594 1314 1627 minari
1346 1600 1378 1627 et
1408 1595 1547 1627 lectores
1581 1594 1684 1627 creari
1717 1603 1773 1626 seu
1806 1593 1933 1626 habiles

1200 1648 1240 1681 ad
1275 1647 1450 1690 legendum
1476 1646 1632 1680 declarari
1658 1647 1788 1679 valeant
1821 1646 1854 1678 in
1877 1656 1933 1679 eo-

1201 1702 1273 1734 dem
1298 1705 1457 1733 conventu
1475 1699 1507 1732 S.
1527 1700 1620 1732 Marci
1640 1704 1803 1742 tamquam
1820 1698 1853 1731 in
1870 1704 1934 1731 stu—

1201 1755 1253 1788 dio
1278 1754 1422 1794 formali,
1447 1753 1623 1786 dummodo
1650 1752 1795 1796 quinque
1820 1753 1934 1785 saltem

1201 1808 1461 1847 examinatores,
1491 1806 1642 1839 videlicet
1669 1805 1806 1839 vicarius
1838 1816 1934 1849 gene-

1201 1861 1275 1894 ralis
1296 1860 1439 1892 eiusdem
1458 1858 1738 1901 Congregationis,
1760 1869 1817 1891 seu
1842 1859 1934 1902 prior

1201 1914 1379 1947 conventus
1404 1911 1589 1955 supradicti,
1610 1922 1671 1955 pro
1693 1916 1841 1955 tempore
1869 1911 1935 1944 exi-

1201 1973 1333 2007 stentes,
1358 1976 1485 1999 necnon
1512 1966 1575 1998 duo
1603 1965 1830 2006 scholasticae,
1853 1967 1935 1999 alter

1201 2020 1332 2054 moralis
1352 2019 1543 2061 theologiae,
1559 2023 1589 2051 et
1607 2018 1686 2050 alius
1703 2017 1934 2060 philosophiae

1201 2073 1232 2105 in
1254 2077 1414 2105 conventu
1435 2072 1580 2114 praefato
1601 2071 1738 2103 lectores
1756 2069 1934 2103 adhibean-

1203 2130 1270 2165 tur,
1297 2129 1469 2166 ceteraque
1507 2122 1614 2155 omnia
1646 2127 1817 2155 serventur
1852 2132 1933 2164 quae

1201 2178 1239 2211 ad
1264 2177 1296 2210 id
1321 2187 1379 2220 per
1403 2175 1651 2209 constitutiones
1676 2174 1804 2206 Ordinis
1825 2174 1935 2206 huius-

1201 2231 1286 2264 modi
1308 2242 1343 2264 ac
1361 2229 1581 2263 ordinationes
1599 2228 1815 2271 capitulorum
1837 2237 1934 2270 gene-

1200 2285 1314 2318 ralium
1328 2284 1428 2327 ipsius
1446 2282 1574 2316 Ordinis
1589 2281 1862 2324 praescribuntur,
1882 2290 1935 2313 au-

1200 2337 1351 2370 ctoritate
1365 2335 1552 2380 apootolica‚
1576 2339 1686 2367 tenore
1703 2333 1932 2377 praesentium,

1200 2391 1418 2432 indulgemus.

1244 2444 1258 2486 ἓ
1283 2443 1314 2477 3.
1334 2444 1565 2481 DecernenteS,
1588 2440 1718 2473 easdem
1741 2444 1934 2483 praesentes

1200 2498 1325 2530 litteras
1350 2507 1481 2539 semper
1504 2496 1613 2527 sirmas
1630 2521 1637 2535 ,
1664 2494 1786 2527 validas
1815 2500 1845 2527 et
1869 2494 1935 2527 cffi-

1201 2562 1293 2584 caces
1324 2550 1463 2583 existere
1499 2553 1531 2580 et
1565 2548 1655 2587 sore,
1685 2557 1828 2590 suosque
1864 2548 1935 2590 ple-

1201 2605 1309 2639 uarios
1322 2610 1354 2637 et
1369 2604 1516 2646 integros
1540 2601 1672 2635 effectus
1696 2600 1806 2635 sortiri
1833 2605 1865 2633 et
1883 2600 1936 2633 ob-

1971 2444 2090 2469 clausulae.
