2254 3225
235 214 283 240 Λιι.
305 212 332 240 C.
352 211 414 238 tout
465 201 529 235 ‘filli
1004 205 1181 230 ammarum
1206 201 1360 226 ROMANUM

431 262 607 298 decretum,
624 257 767 291 delinitio
779 256 795 297 ¹,
809 256 992 298 adscriptio,
1002 260 1164 291 statutum,

432 313 609 352 concessio,
636 311 799 349 relaxatio,
825 309 951 351 aliaque
976 306 1164 351 praemissa,

433 379 450 399 a
486 366 571 399 dicta
610 365 662 397 die
694 374 745 397 xvl
775 362 917 396 octobris
951 359 1025 393 anni
1061 366 1166 392 MDcxc

433 429 527 451 suum
552 422 794 460 consequantur
827 414 985 452 ellectum,
1013 422 1048 443 ae
1072 410 1096 442 si
1119 419 1167 441 su-

434 483 492 515 per
515 472 577 504 illis
599 471 700 513 ipsius
718 467 887 501 Alexandri
911 460 1168 508 praedecessoris

435 526 561 558 litterae
587 524 646 556 sub
672 523 780 555 datum
806 520 949 553 eiusdem
975 516 1038 549 diei
1064 514 1170 546 conse-

436 585 505 611 ctae
531 577 678 613 fuissent,
700 580 798 617 prout
815 571 964 615 superius
986 572 1167 602 enarratur:

437 630 588 673 quodque
612 631 798 671 praesentes
824 624 950 657 litterae
976 621 1013 653 ad
1032 620 1170 663 proban-

438 683 512 715 dum
537 682 632 723 plene
659 679 835 715 decretum,
863 673 1096 710 definitionem,
1121 670 1171 703 ad*

438 734 657 777 scriptionem,
676 734 834 767 statutum,
850 725 1108 762 concessionem,
1126 733 1173 754 re-

438 788 642 825 laxationem,
679 785 803 824 aliaque
840 779 1019 823 praemissa
1051 776 1172 818 ubique

440 840 607 878 sufficiant,
632 848 691 870 nec
710 836 748 868 ad
772 834 801 866 id
822 831 1024 876 probationis
1042 829 1173 863 alterius

442 893 671 927 adminiculum
696 887 896 930 requiratur.

278 954 386 974 eumue
486 946 500 989 g
531 945 583 978 29.
621 944 778 979 Ceterum,
813 939 887 981 quia
926 936 1055 970 difficile
1091 936 1176 968 soret

443 1002 627 1041 praesentes
652 999 776 1027 nostras
812 992 935 1024 litteras
973 990 1021 1027 ad,
1048 988 1176 1030 singula

443 1052 524 1088 loca,
551 1048 604 1080 ubi
638 1056 718 1090 opus
744 1049 843 1083 esset,
871 1041 1002 1081 deferri,
1029 1041 1176 1073 volumus

443 1109 479 1135 ut
521 1111 629 1135 earum
669 1097 834 1140 exemplis
861 1096 958 1128 etiam
996 1092 1176 1136 impressis,

442 1166 538 1189 manu
564 1152 684 1197 publici
712 1150 829 1183 notarii
855 1147 1048 1190 subscriptis
1081 1152 1111 1178 et
1141 1145 1178 1177 si-

443 1210 519 1250 gillo
545 1215 702 1249 personae
729 1204 761 1235 in
783 1203 940 1245 dignitate
959 1198 1178 1233 ecclesiastica

443 1260 634 1293 constitutae
658 1256 802 1290 munitis.
829 1255 941 1287 eadem
960 1253 1081 1295 ubique
1099 1251 1177 1284 fides

445 1312 638 1345 adhibeatur
657 1337 664 1349 ,
691 1319 773 1352 quae
805 1307 926 1340 eisdem
952 1303 1178 1349 praesentibus

445 1365 654 1397 adhiberetur
702 1362 727 1394 si
773 1365 881 1394 essent
922 1358 1086 1391 exhibitae
1131 1356 1179 1388 vel

447 1423 608 1450 ostensae.

257 1476 368 1524 nSflfflctffl
389 1480 437 1501 ΡΜ·
491 1470 505 1512 ἓ
529 1468 582 1502 30.
610 1466 694 1500 Nulli
725 1477 804 1509 ergo
840 1465 974 1498 omnino
1012 1462 1180 1495 hominum

311 1519 316 1523 ”
448 1523 541 1555 liceat
561 1520 711 1564 paginam
737 1520 821 1551 lianc
845 1514 1047 1550 nostrarum⁹
1072 1515 1182 1546 volun-

447 1575 520 1608 tatis
545 1579 576 1607 et
607 1572 729 1606 decreti
754 1571 944 1613 infringere,
977 1569 1070 1611 eique
1103 1577 1181 1598 ausu

448 1625 617 1660 temerario
642 1624 823 1657 contraire:
850 1623 875 1655 si
902 1622 973 1665 quis
995 1626 1099 1653 autem
1121 1619 1183 1650 hoc

449 1685 608 1712 attentare
633 1676 898 1721 praesumpserit,
926 1672 1182 1716 indignationem

450 1730 682 1774 omnipotentis
706 1729 761 1762 Dei
788 1734 820 1761 et
843 1729 1008 1760 beatorum
1039 1725 1123 1757 Petri
1154 1728 1185 1755 et

452 1784 541 1817 Pauli
565 1784 788 1826 apostolorum
813 1781 882 1814 eius
915 1790 950 1812 se
981 1778 1107 1811 noverit
1139 1777 1185 1809 in-

453 1847 634 1869 cursurum.

497 1890 609 1922 Datum
628 1889 761 1927 Romae,
781 1887 866 1930 apud
884 1886 915 1919 S.
936 1886 1080 1923 Petrum,
1101 1893 1185 1915 anno

454 1941 690 1975 lncarnationis
716 1941 902 1973 Dominicae
923 1948 1053 1977 mecm,
1082 1936 1187 1969 idibus

455 1995 525 2027 iulii
550 1994 754 2037 pontificatus
778 1993 881 2025 nostri
907 2002 991 2024 anno
1017 2001 1039 2024 1.

490 2057 552 2084 Dat.
570 2056 614 2083 die
627 2056 662 2083 15
676 2054 732 2083 iulii
749 2054 827 2088 1691,
850 2053 945 2089 pontif.
961 2060 1032 2080 anno
1048 2057 1065 2078 1.

588 2166 636 2216 ᾖ
652 2166 738 2202 EGO
765 2163 1058 2202 INNOCENTIUS

525 2246 720 2271 CATHOLICAE
745 2243 913 2268 ECCLESIAE
937 2241 1107 2266 EPISCOPUS
1114 2257 1120 2264 .

460 2328 478 2365 †
499 2327 557 2365 Ego
579 2326 724 2356 Galeatius
747 2325 825 2355 tituli
852 2324 896 2355 Ss.
920 2322 1029 2359 Quirici
1057 2325 1086 2352 et
1113 2321 1193 2351 lulit-

540 2379 585 2404 tae
606 2374 755 2413 presbyter
777 2373 931 2404 cardinalis
952 2372 1152 2401 Marescottus.

461 2425 480 2462 †
500 2423 558 2462 Ego
580 2423 740 2452 Alderanus
762 2423 915 2462 episcopus
936 2420 1077 2452 Ostiensis
1099 2419 1193 2450 cardi-

542 2471 617 2502 nalis
639 2471 725 2510 Cybo.

500 2539 511 2565 ¹
534 2536 599 2564 Male
618 2537 683 2563 edit.
699 2536 778 2564 Main.
799 2537 863 2572 legit
882 2536 998 2571 definito
1018 2535 1059 2570 (n.
1076 2540 1123 2569 ⁷12).

499 2581 516 2609 2
535 2581 628 2618 Aptius
646 2581 704 2617 lege
723 2584 887 2609 nostrorum
908 2585 943 2612 (a.
965 2580 1014 2614 τ.).

1207 253 1224 286 †
1247 250 1303 286 Ego
1325 246 1440 277 Flavius
1462 245 1615 284 episcopus
1630 243 1797 274 Portuensis
1813 241 1944 271 cardina-

1287 297 1322 325 lis
1344 294 1468 324 Chisius.

1207 347 1225 382 †
1246 344 1304 381 Ego
1326 342 1445 372 lacobus
1467 341 1620 380 episeopus
1646 339 1828 370 Tusculanus
1849 337 1946 368 cardi-

1288 392 1361 421 nalis
1384 391 1562 420 Franzonus.

1209 443 1226 479 †
1248 441 1306 479 Ego
1321 441 1423 470 Petrus
1438 439 1590 479 episcopus
1605 437 1774 468 Sabinensis
1789 435 1945 466 cardinalis

1289 490 1324 520 de
1347 489 1465 519 Alteriis
1488 487 1592 518 S.R.E.
1616 484 1805 517 camerarius.

1211 541 1229 576 †

1211 590 1230 673 ‘'is-
1250 635 1309 674 Ego
1331 635 1362 665 F.
1387 634 1464 665 tituli
1486 634 1514 664 S.
1539 633 1646 664 Mariae
1668 632 1697 661 in
1720 630 1772 661 Via
1795 629 1949 670 presbyter

1292 683 1448 713 cardinalis
1469 681 1690 712 Maidalchinus.

1213 734 1230 769 †
1252 732 1312 771 Ego
1333 731 1451 762 Carolus
1469 730 1546 760 tituli
1568 729 1596 760 S.
1620 727 1767 759 Laurentii
1789 727 1820 757 in
1842 725 1950 756 Lucina

1293 779 1443 820 presbyter
1466 778 1623 809 cardinalis
1643 775 1831 807 Barberinus.

1215 831 1234 1009 -e-i-i-i-

1217 1022 1235 1058 †
1256 1020 1314 1058 Ego
1344 1020 1478 1050 Nicotaus
1510 1019 1588 1049 tituli
1617 1018 1646 1049 S.
1670 1017 1772 1048 Calixti
1804 1015 1954 1056 presbyter

1298 1067 1454 1097 cardinalis
1476 1066 1650 1096 Acciaiolus.

1218 1119 1236 1154 †
1257 1117 1314 1155 Ego
1346 1116 1456 1155 Gaspar
1489 1115 1567 1145 tituli
1593 1114 1622 1145 S.
1646 1113 1753 1144 Mariae
1781 1111 1956 1152 Transtybe-

1298 1165 1354 1194 rim
1377 1164 1526 1204 presbyter
1547 1163 1703 1193 cardinalis
1724 1162 1894 1201 Carpineus.

1220 1215 1237 1250 †
1258 1213 1317 1251 Ego
1338 1213 1441 1243 Caesar
1465 1212 1541 1242 tituli
1562 1211 1610 1242 SS.
1634 1210 1784 1241 Trinitatis
1811 1210 1840 1239 in
1862 1209 1956 1239 Monte

1300 1261 1399 1292 Pincio
1422 1261 1572 1301 presbyter
1593 1259 1750 1290 cardinalis
1771 1258 1931 1288 d'Estrees.

1220 1313 1238 1347 †

1220 1362 1239 1396 ,1-

1221 1409 1239 1444 †

1221 1457 1239 1492 †
1260 1455 1318 1493 Ego
1340 1455 1511 1485 Franciscus
1532 1453 1609 1484 tituli
1627 1453 1656 1484 S.
1680 1452 1815 1484 Matthaei
1843 1452 1874 1483 in
1901 1451 1960 1483 Me-

1301 1503 1403 1532 rulana
1426 1502 1577 1542 presbyter
1598 1501 1755 1532 cardinalis
1772 1500 1898 1531 Nerlius.

1223 1553 1240 1587 †
1262 1551 1320 1589 Ego
1342 1551 1535 1589 Hieronymus
1558 1550 1635 1579 tituli
1657 1549 1685 1579 S.
1709 1549 1841 1579 Silvestri
1863 1548 1893 1578 in
1908 1547 1960 1579 Ca-

1303 1600 1361 1638 pite
1384 1599 1534 1638 presbyter
1548 1598 1706 1628 cardinalis
1727 1597 1879 1628 Casanate.

1224 1650 1242 1685 †
1264 1648 1320 1686 Ego
1342 1648 1373 1677 F.
1399 1647 1472 1677 tituli
1495 1647 1524 1677 S.
1541 1646 1715 1686 Chrysogoni
1733 1644 1883 1685 presbyter
1900 1653 1962 1675 car-

1304 1696 1411 1726 dinalis
1433 1696 1537 1735 spada.

1225 1747 1243 1782 †
1264 1745 1322 1783 Ego
1345 1749 1425 1784 pater
1439 1745 1563 1774 Thomas
1585 1744 1735 1774 Hovardus
1759 1742 1835 1774 tituli
1859 1742 1888 1774 S.
1905 1742 1963 1773 Ma-

1305 1795 1365 1823 riae
1387 1803 1474 1833 super
1489 1794 1647 1823 Minervam
1663 1791 1814 1832 presbyter
1831 1792 1964 1823 cardina-

1307 1842 1343 1872 lis
1365 1843 1400 1872 de
1419 1842 1574 1872 Norsolcia.

1228 1893 1245 1929 †
1268 1891 1326 1930 Ego
1349 1893 1473 1921 Ioannes
1505 1890 1632 1929 Baptista
1660 1889 1738 1919 tituli
1767 1888 1797 1919 S.
1820 1888 1964 1920 Caeciliae

1308 1939 1458 1980 presbyter
1479 1938 1635 1969 cardinalis
1657 1937 1788 1978 Spinula.

1230 2040 1248 2076 †
1268 2038 1326 2077 Ego
1347 2038 1437 2068 Savus
1459 2037 1536 2067 tituli
1557 2036 1587 2067 S.
1606 2035 1686 2066 Petri
1707 2035 1737 2066 in
1749 2035 1871 2066 Vincula
1887 2043 1967 2075 pres-

1311 2086 1392 2126 byter
1414 2085 1571 2116 cardinaHs
1592 2084 1731 2114 Millinus.

1232 2186 1250 2222 †
1271 2184 1328 2222 Ego
1349 2183 1380 2213 F.
1404 2182 1575 2213 Laurentius
1596 2181 1734 2211 basilicae
1754 2179 1804 2210 XII
1818 2179 1969 2220 Apostolo-

1312 2241 1376 2262 rum
1400 2231 1551 2271 presbyter
1572 2229 1728 2260 cardinalis
1750 2228 1784 2259 de
1806 2228 1926 2258 Laurea.

1234 2284 1251 2320 †
1273 2281 1330 2319 Ego
1352 2280 1472 2310 Iacobus
1494 2279 1571 2309 tituli
1592 2278 1620 2308 S.
1645 2277 1750 2307 Mariae
1780 2278 1807 2306 in
1837 2276 1969 2307 Aracaeli

1314 2329 1461 2370 presbyter
1483 2327 1637 2358 cardinalis
1659 2326 1697 2356 De
1719 2325 1850 2365 Angelis.

1234 2380 1255 2613 -i-i-i--i-i-

1950 192 1999 219 An.
2019 192 2048 219 C.
2064 192 2130 219 1691
