2227 3225
100 255 150 282 Αη.
170 253 199 280 C.
218 252 280 281 ¹691

151 1627 287 1649 canonizatio

102 1655 159 1676 beau
205 1655 287 1676 loannis
358 1674 364 1679 ,

102 1682 287 1728 f'fgaagpesmtffiss
298 1674 538 1707 desideraretur
554 1684 665 1707 eorum
687 1685 769 1718 quae
792 1685 828 1707 ex
848 1681 1032 1708 sanctorum

101 1732 424 1781 ff}2,',‘'⁰⁰¹⁶*’f³'p²¹¹¹'um
449 1726 653 1766 auctoritate,
681 1738 845 1760 sacrorum
874 1738 1033 1761 canonum

879 252 1088 276 INNOCENTIUS
1112 252 1156 276 ΧΠ
1180 253 1228 276 Pr.

291 301 528 335 venerabilium
566 302 699 334 fratrum
730 307 928 341 nostrorum,
957 307 1032 333 tunc

292 365 436 395 suorum,
453 355 555 387 dictae
570 355 589 388 S
615 355 698 387 RE.
719 355 944 390 cardinalium,
958 363 1032 385 ner-

292 418 358 441 non
394 408 672 450 patriarcharum,
711 407 1031 450 archiepiscoporum

293 465 325 493 et
350 461 578 504 episcoporum
610 466 686 493 tunc
719 460 752 492 in
781 460 866 493 [rbe
893 469 1034 493 commo-

293 513 446 553 rantium,
466 514 520 557 qui
547 514 578 546 in
603 513 797 547 consistorio
822 513 1054 556 semipublico·

295 566 332 599 ad
369 566 455 599 hunc
488 565 635 599 etl'ectum
671 565 875 608 postmodum
908 565 1034 603 habito,

294 619 524 661 praesentibus
546 619 641 652 etiam
662 619 792 658 nostris,
813 623 890 651 tunc
908 619 984 657 suis,
1004 623 1034 651 et

294 672 386 704 Sedis
409 672 614 715 Apostolicae
640 671 775 704 notariis
810 676 843 704 ct
866 681 1032 704 causarum

296 725 409 768 palatii
428 725 596 768 apostolici
615 724 828 764 auditorilms,
842 735 878 758 ex
897 724 934 756 iis
953 735 1033 767 quae

295 779 334 810 ab
360 788 399 811 eo
424 778 591 821 proposita
612 783 644 811 et
667 779 772 811 relata
798 778 938 817 suerunt,
958 778 1034 810 bea-

299 837 364 864 tum
385 831 540 865 Ioannem
560 831 599 864 de
618 831 649 864 S.
669 831 822 864 Facundo
842 831 1034 864 canonizan-

297 883 373 916 dum
397 894 467 917 esse
492 884 700 916 unanimibus
735 883 896 927 suffragiis
922 889 1033 927 aperte

297 937 527 969 decreverunt.
556 937 646 970 Unde
673 937 821 980 gaudens
852 947 887 970 ex
915 937 1034 975 animo,

297 989 485 1023 huiusmodi
510 990 791 1023 canonizationem
827 989 860 1023 in
886 1000 1032 1033 magnam

298 1037 353 1074 Dei
388 1042 522 1084 gloriam
559 1043 835 1086 splendidumque
870 1043 1034 1076 Ecclesiae

298 1094 478 1128 catholicae
504 1095 601 1128 decus
626 1105 789 1128 cessuram
808 1106 876 1128 esse
893 1121 901 1135 ,
923 1101 1033 1139 aperte

297 1148 474 1187 intellexit,
497 1158 532 1180 ac
548 1158 599 1181 xvi
628 1154 703 1181 tunc
728 1149 928 1181 decurrentis
945 1159 1035 1181 men-

298 1201 340 1233 sis
365 1201 509 1234 octobris
530 1202 614 1234 diem
638 1202 825 1244 praeclarae
846 1202 1033 1235 huiusmodi

299 1253 499 1286 solemnitati
533 1254 729 1296 designans,
754 1260 958 1297 perspectam
984 1265 1037 1287 eo-

298 1306 445 1338 rumdem
471 1305 625 1348 pietatem
646 1307 684 1338 ad
711 1307 984 1348 perseverandum
1003 1307 1033 1339 in

298 1358 502 1391 effundendis
526 1358 565 1391 ad
590 1358 761 1391 Dominum
785 1358 966 1392 infallibilis
984 1371 1035 1392 ve-

297 1410 402 1443 ritatis
423 1410 525 1443 enixis
546 1410 698 1453 precibus
720 1411 868 1454 impense
886 1411 1033 1444 hortatus

299 1463 368 1503 suit,
384 1469 433 1501 ut.
451 1463 525 1507 ipso
544 1464 730 1507 inspirante,
756 1465 1033 1507 praestantissimo

299 1516 374 1549 huic
398 1516 530 1559 negotio
551 1527 737 1560 supremam
754 1517 815 1550 rite
833 1528 962 1550 manum
980 1518 1035 1550 im-

298 1579 424 1612 ponere
449 1573 573 1612 posset.

343 1621 357 1664 §
381 1620 434 1653 20.
461 1621 516 1653 His
553 1622 704 1664 peractis,
729 1632 799 1654 cum
835 1622 917 1655 nihil
947 1623 1032 1655 aliud

296 1779 447 1817 decretis,
463 1779 626 1822 praefatae
645 1780 675 1812 S.
689 1780 724 1812 R.
737 1780 771 1812 E.
785 1782 1032 1819 consuetudine,

295 1842 331 1864 ac
355 1842 513 1864 novorum
545 1833 750 1865 decretorum
775 1834 976 1876 praescripto
1003 1845 1035 1866 a-

295 1884 400 1926 genda
425 1889 457 1917 et
481 1884 681 1917 observanda
716 1892 816 1923 crant,
851 1885 935 1918 idern
961 1887 1035 1919 Ale-

294 1937 418 1969 xander
433 1936 668 1980 praedecessor
681 1937 846 1979 praedicta
864 1937 1034 1980 designata

295 1989 346 2022 die
370 1998 421 2022 xvi
445 1989 587 2022 octobris
619 1990 692 2021 anni
722 1990 891 2032 praeteriti
917 2001 1032 2032 mccxc,

293 2041 502 2084 pontificatus
526 2042 575 2074 sui
601 2052 633 2081 11,
660 2042 690 2074 in
716 2046 923 2075 sacrosancta
947 2044 1031 2076 beati

294 2094 379 2127 Petri
418 2095 640 2137 apostolorum
679 2095 839 2137 principis
880 2095 1030 2135 basilica,

293 2147 358 2190 quo
383 2147 521 2179 solemni
538 2146 599 2179 ritu
619 2157 688 2179 cum
705 2148 947 2180 venerabilibus
971 2149 1032 2181 sra-

292 2200 396 2233 tribus
408 2200 536 2239 nostris,
556 2205 633 2232 tunc
651 2201 726 2240 suis,
740 2201 883 2233 eiusdem
899 2201 931 2234 S.
948 2202 1028 2234 RE.

293 2251 520 2292 cardinalibus,
547 2253 749 2296 patriarchiSy
772 2253 1029 2297 archiepiscopis

293 2311 325 2338 et
349 2305 523 2348 episcopis,
542 2310 573 2338 et
597 2305 723 2338 dilectis
749 2306 822 2338 filiis
847 2307 950 2339 dictae
970 2307 1031 2340 Ro-

290 2368 403 2390 manae
435 2358 547 2391 Curiae
576 2359 741 2401 praelatiS,
776 2359 966 2393 officialibus
999 2366 1031 2392 et

291 2410 503 2443 familiaribus
524 2411 602 2449 suis,
628 2412 717 2444 clero
739 2412 899 2444 saeculari
926 2418 955 2445 et
981 2423 1030 2445 re-

292 2463 416 2505 gulari,
453 2474 489 2496 ac
526 2464 662 2496 maxima
698 2464 811 2506 populi
848 2465 1028 2507 frequentia

291 2526 386 2548 mane
401 2522 607 2555 convenerat,
621 2517 742 2549 iteratis
757 2517 874 2560 primo,
886 2519 1027 2551 secundo

292 2574 323 2601 et
345 2569 442 2601 tertio
467 2580 525 2612 pro
550 2569 805 2602 canonizationis
828 2570 959 2602 decreto
981 2571 1028 2602 in-

292 2621 418 2656 stantiis
454 2631 513 2664 per
549 2622 703 2655 dilectum
739 2622 843 2656 filium
868 2629 1027 2663 nostrum,

1714 244 1778 277 ⁶203
1823 253 1871 278 An.
1895 252 1922 278 c.
1941 253 2004 280 ¹691

1074 306 1150 332 tunc
1178 311 1283 340 suum,
1300 300 1432 333 Petrum
1457 300 1488 333 S.
1509 301 1672 333 Laurentii
1698 302 1729 333 in
1757 303 1816 334 Da-

1077 363 1166 386 maso
1198 353 1396 386 cardinalem
1425 353 1622 386 Ottobonum
1649 364 1816 397 nuncupa-

1075 411 1149 445 tum,
1169 405 1301 439 nomine
1322 405 1490 439 memorati
1510 406 1665 438 carissimi
1686 406 1717 438 in
1733 407 1813 439 Chri

1075 464 1126 491 sto
1164 458 1221 491 tilii
1259 459 1361 492 nostri
1398 459 1500 492 Caroli
1526 459 1551 491 ll
1587 458 1815 501 Hispaniarum

1075 513 1160 553 regis
1184 512 1347 552 catholici,
1373 519 1450 556 post
1469 522 1577 546 sacros
1603 512 1753 555 hymnos,
1778 513 1816 544 li-

1077 564 1190 604 tantas,
1212 565 1356 608 aliasque
1377 576 1500 608 preces,
1525 570 1556 598 et
1579 570 1654 608 post
1677 565 1814 607 Spiritus

1075 616 1182 649 Sancti
1210 618 1344 660 gratiam
1367 618 1427 650 rite
1453 618 1670 661 imploratam,
1695 618 1735 650 ad
1761 618 1817 651 ho-

1077 680 1189 702 norem
1212 671 1433 704 sanctissimae
1459 677 1491 704 et
1515 671 1699 704 individuae
1718 671 1816 704 Trini-

1077 723 1159 763 tatis,
1181 723 1220 755 ad
1238 723 1465 756 exaltationem
1493 723 1566 756 tidei
1584 724 1765 756 catholicae
1784 729 1817 757 et

1076 775 1271 808 christianae
1286 776 1454 818 religionis
1477 782 1691 819 augmentum,
1710 782 1818 809 auct:-

1076 827 1171 860 ritate
1197 828 1323 861 Domini
1343 829 1445 861 nostri
1464 829 1534 861 Iesu
1553 829 1670 862 Christi
1691 835 1723 862 et
1739 831 1817 862 bea-

1077 886 1183 913 torum
1217 883 1442 924 apostolorum
1475 882 1560 914 Petri
1588 887 1621 915 et
1652 882 1754 921 Pauli,
1780 893 1816 915 ac

1076 937 1142 973 sua,
1160 936 1284 966 matura
1302 935 1540 968 deliberatione
1562 935 1761 978 praehabita,
1784 941 1817 968 et

1076 986 1183 1019 divina
1201 997 1261 1030 ope
1280 988 1409 1030 saepius
1427 987 1609 1031 implorata,
1625 999 1661 1020 ac
1676 989 1713 1021 de
1729 998 1817 1031 prac-

1077 1040 1212 1073 satortun
1238 1040 1270 1073 S.
1301 1040 1338 1073 R.
1368 1040 1400 1072 E.
1431 1041 1652 1080 cardinalium,
1679 1042 1818 1084 patriar-

1076 1093 1232 1131 charum,
1263 1093 1589 1137 archiepiscoporum
1606 1121 1613 1134 ,
1642 1095 1816 1137 episcopo-

1076 1156 1146 1177 rum
1172 1151 1248 1178 tunc
1270 1145 1301 1177 in
1327 1145 1411 1178 Urbe
1434 1146 1638 1179 existentium
1664 1147 1815 1187 consilio,

1077 1198 1206 1230 beatum
1241 1198 1394 1230 Ioannem
1429 1199 1468 1231 de
1493 1199 1524 1231 S.
1553 1199 1717 1238 Facundo,
1753 1203 1817 1233 una

1076 1261 1146 1282 cum
1170 1251 1274 1283 beatis
1300 1251 1474 1284 Laurentio
1493 1251 1677 1290 lastiniam,
1696 1252 1817 1285 Ioanne

1077 1314 1093 1336 a
1110 1303 1308 1346 capis-trano,
1327 1304 1446 1337 Ioanne
1472 1305 1510 1337 de
1529 1304 1592 1337 Deo
1613 1311 1645 1337 et
1669 1305 1818 1338 Pascbali

1077 1358 1212 1400 Baylon,
1239 1357 1389 1389 Sanctum
1416 1368 1485 1390 esse
1512 1358 1659 1391 decrevit
1684 1365 1714 1391 et
1740 1358 1819 1392 deti-

1076 1410 1165 1448 nivit,
1185 1421 1220 1442 ac
1244 1410 1435 1443 Sanctorum
1461 1412 1609 1453 catalogo
1634 1412 1818 1455 adscripsit,

1076 1469 1224 1495 statuens
1245 1464 1284 1495 ab
1302 1463 1445 1496 Ecclesia
1470 1464 1644 1496 universali
1670 1465 1818 1506 quolibet

1076 1526 1160 1548 anno
1179 1515 1231 1548 die
1249 1515 1394 1547 eiusdem
1410 1516 1491 1548 sesto
1509 1515 1700 1548 memoriam
1715 1517 1817 1559 ipsius

1076 1568 1162 1600 inter
1187 1573 1318 1600 sanctos
1335 1568 1543 1600 Confessores
1562 1579 1626 1600 non
1646 1568 1816 1602 Pontifices

1077 1621 1128 1663 pia
1154 1621 1325 1654 devotione
1351 1621 1451 1654 recoli
1477 1622 1608 1654 debere.
1628 1621 1662 1654 ln
1683 1623 1815 1655 nomine

1078 1673 1186 1710 Patris,
1203 1679 1232 1706 et
1257 1673 1340 1712 Filii,
1356 1679 1387 1706 et
1403 1673 1540 1716 Spiritus
1558 1674 1676 1706 Sancti.
1698 1675 1813 1708 Amen.

1120 1728 1134 1769 ξ
1159 1726 1213 1758 21.
1240 1727 1423 1768 Eademque
1449 1727 1640 1760 auctoritate
1664 1728 1815 1761 omnibus
1879 1738 2011 1762 inituiffonm

1076 1780 1243 1822 utriusque
1260 1790 1353 1812 sexus
1372 1779 1639 1813 christifidelibus
1653 1791 1727 1813 vere
1742 1791 1815 1823 poe·
1825 1766 1905 1810 {Elletl
1922 1772 2009 1810 1013?AE

1076 1833 1253 1864 nitentibus
1279 1837 1309 1864 et
1333 1832 1501 1871 confessis,
1522 1833 1576 1875 qui
1595 1833 1687 1865 annis
1705 1833 1815 1876 singu-
1826 1817 2010 1865 ?.2¹¹“{‘.'†‡'''¹⁶ss,'‚'i'3

1077 1886 1114 1917 lis
1140 1885 1171 1917 in
1193 1885 1243 1918 die
1271 1886 1352 1918 l'csto
1379 1885 1522 1917 eiusdem
1558 1887 1658 1918 sancti
1685 1875 1935 1919 loannismnce‘m'

1075 1938 1112 1970 ad
1139 1938 1367 1980 sepulcluaun,
1390 1938 1420 1969 in
1439 1948 1503 1980 quo
1525 1938 1595 1970 eius
1621 1949 1741 1981 corpus
1766 1949 1817 1971 re-

1075 1990 1221 2032 quiescit,
1236 1990 1432 2022 visitandum
1448 1989 1674 2030 accessissent,
1688 1997 1816 2033 septem

1075 2053 1175 2074 annos
1194 2049 1224 2074 et
1244 2043 1377 2075 totidem
1399 2043 1624 2085 quadragenas
1646 2044 1684 2075 de
1711 2043 1817 2076 iniun—

1074 2096 1132 2127 ctis
1158 2096 1203 2127 eis
1229 2101 1282 2127 aut
1303 2095 1380 2127 alias
1413 2096 1661 2138 quomodolibet
1694 2095 1814 2129 debitis

1073 2148 1296 2191 poenitentiis,
1322 2148 1580 2180 misericorditer
1615 2149 1646 2180 in
1678 2149 1814 2182 Domino

1073 2202 1227 2234 relaxavit
1252 2202 1285 2233 in
1306 2201 1408 2233 forma
1433 2201 1594 2233 Ecclesiae
1620 2205 1788 2235 consueta.

1115 2255 1129 2297 g
1154 2254 1207 2286 92.
1230 2253 1350 2292 Quibus
1374 2255 1524 2296 peractis,
1557 2254 1654 2287 Deum
1685 2255 1809 2288 Patrem
1848 2263 1889 2283 um
1903 2263 2010 2308 inituim-¹1·-

1072 2313 1253 2346 aeternum,
1287 2316 1464 2349 regemque
1497 2307 1622 2349 gloriae
1647 2291 2010 2340 Christum2¹.I¹2.‹=¹1¹1’;1.s¹'1‘1›“n·‘‚f⁰

1074 2359 1242 2392 Dominum
1267 2359 1370 2391 Patris
1401 2359 1635 2402 sempiternum
1669 2360 1810 2399 Filium,

1072 2418 1101 2444 et
1127 2412 1279 2444 Sanctum
1307 2412 1500 2444 paraclitum
1518 2411 1685 2454 Spiritum,
1711 2423 1810 2445 unum

1072 2465 1170 2497 Deum
1201 2475 1364 2507 unumque
1385 2465 1574 2504 Dominum,
1602 2465 1752 2498 laudibus
1779 2471 1811 2497 et

1071 2517 1337 2550 confessionibus
1362 2523 1545 2557 veneratus,
1571 2528 1731 2560 sacroque
1758 2519 1813 2561 hy-

1073 2581 1147 2602 mno
1187 2571 1228 2602 Te
1264 2570 1363 2602 Deam.
1398 2570 1590 2602 solemniter
1626 2571 1808 2609 decantato,

1071 2623 1226 2666 peculiari
1251 2622 1399 2655 oratione
1426 2622 1522 2655 etiam
1539 2632 1599 2665 per
1616 2622 1692 2655 dicti
1719 2623 1813 2655 loan-
