2254 3225
200 205 250 231 An.
264 203 295 232 C.
312 203 375 231 1691
423 193 487 229 342

391 252 460 285 dire
486 255 673 285 teneantur:
698 250 767 292 sed,
782 254 819 284 ut
844 250 994 285 omnibus
1019 256 1051 284 et
1067 251 1127 284 sin-

392 304 475 348 gulis
498 305 672 348 provinciis
697 305 745 337 sui
770 304 937 348 regiminis
962 304 1125 348 praefatae

390 357 519 391 litterae
535 362 681 401 pateant,
696 368 797 391 unum
817 362 1052 400 transumptum
1073 366 1126 389 au-

391 410 574 444 thenticum
598 411 637 445 ad
662 421 714 444 eas
741 410 948 451 transmittat,
975 419 1039 452 quo
1064 419 1123 451 pa-

390 464 471 498 riter
498 475 517 498 a
540 464 676 508 singulis
701 469 895 508 agnoscatur
919 468 951 496 et
974 461 1126 505 suscipia-

391 521 445 551 tur
459 523 497 551 ut
509 527 602 551 verus
621 521 728 562 pastor
744 522 775 551 et
793 517 940 550 visitator
958 525 1079 549 earum.

435 581 468 605 v.
494 571 568 613 Sed,
582 581 623 605 ne
641 581 739 615 super
757 574 915 614 potestate
936 566 1125 602 huiusmodi

390 624 581 659 vicariorum
608 625 714 668 aliqua
739 622 906 657 dubitandi
931 622 1046 655 rimula
1070 630 1123 652 re-

392 678 569 721 linquatur,
594 688 662 711 eam
688 678 722 710 in
747 676 897 710 omnibus
929 684 1000 707 esse
1031 683 1128 716 gene-

392 731 504 764 raliter
528 731 738 770 ordinariam,
762 730 914 772 magistro
932 733 1038 761 tamen
1056 727 1129 759 sub-

394 784 501 824 ditam,
517 784 726 822 declaramus,
742 793 759 815 a
772 792 835 825 quo
850 781 969 824 poterit
985 779 1128 818 limitari,

394 837 418 869 si
445 837 606 879 expediat,
632 836 714 868 sicut
738 836 768 867 in
794 835 903 868 multis
926 834 964 866 ab
995 833 1046 865 liis
1070 842 1129 865 no-

393 889 467 922 stris
491 888 773 922 constitutionibus
798 887 981 920 cohibetur.

437 951 481 974 vi.
509 941 555 974 Ad
581 951 637 974 eos
668 940 803 973 maxime
828 939 993 982 pertinere
1018 938 1130 971 decer-

394 994 500 1029 nimus
523 994 654 1026 visitare
679 998 712 1026 ct
740 993 918 1026 reformare
948 991 1129 1034 praedictas

393 1046 558 1080 indiarum
572 1046 766 1089 provincias,
782 1050 821 1084 et,
840 1055 913 1077 cum
927 1054 1008 1087 opus
1022 1043 1127 1083 fucrit,

395 1100 436 1133 ad
449 1100 590 1132 debitam
608 1098 843 1132 observantiam
860 1097 1028 1136 reducere,
1043 1097 1129 1129 iuxta

394 1154 540 1195 regulam
554 1159 582 1185 et
600 1152 849 1185 constitutiones
870 1150 997 1184 Ordinis
1016 1150 1127 1190 nostri,

395 1206 607 1249 corripientes
622 1210 653 1238 et
666 1205 836 1248 punientes
851 1214 1015 1243 excessus,
1031 1208 1130 1236 trans-

396 1259 582 1301 gressiones
607 1263 639 1291 et
662 1257 797 1290 crimina
822 1257 967 1290 fratrum.

440 1321 495 1345 vil.
523 1311 614 1354 Ipsos
640 1311 734 1343 etiam
759 1315 921 1353 potestate
943 1309 1130 1342 instruimus

396 1364 593 1397 convocandi
618 1362 756 1406 capitula
788 1362 995 1405 provincialia
1019 1372 1132 1393 sccun-

398 1418 474 1450 dum
504 1422 622 1449 statuta
645 1416 911 1449 constitutionum
937 1415 1129 1453 huiusmodi,

398 1480 578 1513 eorumque
602 1470 780 1502 electiones
805 1468 1034 1507 confirmandi,
1059 1467 1131 1500 irri-

398 1527 512 1565 tasque
537 1522 675 1555 faciendi
701 1522 734 1554 in
765 1521 917 1564 praefatis
943 1520 1129 1563 provinciis,

399 1585 471 1608 cum
496 1575 540 1607 ita
564 1575 603 1607 de
629 1575 697 1607 iure
722 1574 897 1608 secundum
924 1574 1058 1606 sormam
1080 1573 1132 1604 liic

399 1628 507 1660 statim
552 1627 812 1663 constituendam
852 1627 921 1659 sieri
965 1631 1131 1669 oporteat,

398 1680 616 1724 praecipimus
641 1685 747 1712 tamen
774 1679 848 1718 illis,
875 1679 932 1711 sul)
958 1681 1062 1722 poena
1081 1689 1134 1710 ex-

400 1732 699 1766 communicationis
725 1732 855 1764 maioris
889 1733 971 1764 latae
1003 1736 1134 1764 sentcn-

403 1786 463 1818 tiae
482 1791 723 1828 perpetuaeque
740 1785 931 1827 privationis
948 1785 1034 1817 vocis
1059 1785 1134 1816 acti-

401 1848 456 1870 vae
482 1843 514 1870 ct
530 1837 689 1880 passivae,
712 1847 751 1870 ne
777 1847 917 1880 unquam
939 1837 1055 1869 saciant
1080 1842 1135 1869 aut

402 1890 593 1933 permittant
616 1900 649 1922 se
675 1889 751 1932 eligi
776 1890 808 1921 in
833 1889 1048 1932 provinciales
1080 1900 1133 1922 ca-

402 1943 549 1975 rumdem
575 1942 824 1986 provinciarum,
840 1953 955 1986 neque,
974 1943 998 1974 si
1017 1942 1150 1985 etia-:1112

403 2002 465 2037 tur,
483 1995 701 2036 consentiant,
724 1996 837 2039 quodsi
855 1996 1051 2029 contrarium
1071 1995 1133 2035 siat,

403 2051 500 2083 talem
525 2050 716 2083 electionem
743 2059 780 2081 ex
806 2060 890 2081 nunc
907 2055 1058 2092 protunc
1080 2048 1153 2081 du-'

404 2103 505 2135 cimus
528 2102 673 2141 inanem,
699 2102 819 2134 electus
837 2112 911 2134 vcro
928 2107 1041 2135 contra
1059 2112 1136 2134 cen-

404 2154 602 2187 stitutionem
626 2154 731 2193 istam,
758 2165 775 2186 a
799 2154 954 2196 magistro
978 2155 1028 2186 vel
1062 2154 1136 2186 defi-

403 2207 521 2239 nitorio
557 2206 690 2248 capituli
726 2206 883 2248 generalis
923 2206 1134 2249 corripiatur,

404 2260 657 2301 nullatenusque
683 2258 813 2291 recedat
838 2258 989 2301 impunis,
1008 2259 1062 2291 sed
1081 2259 1136 2291 de-

404 2312 479 2345 bitis
504 2311 617 2355 poenis
643 2321 712 2343 cum
740 2311 909 2343 severitate
936 2317 1112 2343 correctus.

448 2376 518 2399 v111.
545 2364 684 2404 Etiamsi,
711 2367 745 2397 ut
769 2364 985 2407 praemissum
1004 2369 1059 2403 est,
1078 2365 1137 2396 liu-

406 2418 544 2451 iusmodi
557 2418 749 2450 vicariorum
760 2416 900 2449 officium
915 2417 1136 2459 quinquennio

406 2471 644 2511 concludamus,
662 2471 750 2513 ipsos
765 2475 872 2502 tamen
890 2470 1041 2501 nolumus
1057 2470 1137 2502 illud

407 2523 567 2556 dimittere
597 2532 766 2565 quousque
798 2532 962 2554 successor
992 2522 1134 2553 accedat.

406 2576 507 2615 Quare
534 2576 670 2608 subditis
696 2585 807 2608 corum
831 2574 1001 2611 universis,
1020 2574 1052 2605 in
1077 2574 1139 2606 vir—

959 201 1139 227 BULLARIUM
1162 200 1316 226 ROMANUM

1167 255 1254 283 tutae
1280 252 1410 282 sanctae
1435 247 1641 281 obedientiae
1659 251 1692 280 et
1714 245 1774 280 sub
1791 243 1899 290 poena

1168 302 1355 346 privationis
1373 313 1391 335 a
1404 311 1484 335 voce
1497 301 1597 335 activa
1610 306 1641 334 et
1657 301 1790 344 passiva,
1805 309 1899 343 prae-

1167 355 1302 399 cipimus
1327 360 1362 388 ut
1385 355 1425 388 ab
1456 355 1587 388 illorum
1619 353 1814 393 obedientia,
1839 352 1899 386 sub

1167 413 1337 451 praetextu
1360 408 1423 441 iam
1465 407 1632 451 adimpleti
1663 406 1809 439 muneris
1846 410 1900 438 aut

1168 460 1400 504 quinquennii,
1425 470 1492 493 non
1509 460 1648 494 audeant
1667 459 1780 504 quovis
1799 458 1898 493 modo

1168 514 1350 554 deflectere,
1376 514 1481 547 donec
1497 513 1579 546 alius
1599 513 1633 546 in
1653 511 1759 546 officio
1776 522 1899 546 succes-

1168 567 1255 599 serit.
1283 566 1394 600 Nullus
1419 576 1455 600 ex
1479 565 1654 610 praedictis
1689 565 1817 599 vicariis
1846 575 1900 609 ge-

1169 619 1333 652 neralibus
1365 630 1382 652 a
1406 618 1581 662 provinciis
1605 618 1666 652 sibi
1691 618 1824 652 creditis
1851 627 1901 651 re-

1168 672 1261 704 cedat
1285 680 1452 715 quousque
1477 671 1655 705 successori
1678 681 1735 704 suo
1759 676 1902 705 exactam

1170 724 1323 757 rationem
1364 724 1404 757 de
1440 724 1590 757 omnibus
1624 724 1690 757 illis
1728 723 1901 767 officioque

1170 777 1366 817 reddiderit;
1393 777 1447 820 qui
1472 787 1548 810 vero
1581 788 1598 810 a
1622 776 1688 810 suis
1724 777 1900 820 provinciis

1169 835 1201 862 et
1224 829 1330 863 officio
1355 829 1550 869 discessisse,
1576 840 1640 863 non
1664 829 1790 863 reddita
1813 829 1903 872 prius

1169 883 1346 915 successori
1364 892 1423 916 suo
1440 882 1584 926 praefata
1600 882 1734 922 ratione,
1756 887 1903 925 repertus

1171 936 1275 977 suerit,
1301 946 1377 969 voce
1401 936 1504 969 activa
1534 941 1567 969 et
1601 936 1727 979 passiva
1760 936 1903 979 privatus

1170 994 1309 1022 maneat.
1328 989 1421 1022 Ratio
1438 993 1544 1022 autem
1557 988 1795 1032 residentiaque
1812 998 1905 1032 prae-

1172 1041 1255 1075 dicta
1268 1042 1306 1074 ad
1316 1042 1506 1084 magistrum
1523 1042 1708 1084 generalem
1726 1041 1902 1079 deseratur,

1171 1099 1201 1127 et
1217 1104 1320 1138 usque
1338 1094 1411 1127 dum
1436 1095 1476 1127 ab
1500 1093 1562 1128 isto
1583 1094 1765 1127 declaretur
1788 1093 1906 1125 immu-

1171 1146 1235 1186 nis,
1261 1146 1353 1179 illum
1378 1147 1418 1179 ad
1442 1156 1537 1180 omne
1561 1146 1731 1189 religionis
1763 1145 1905 1179 osticium

1171 1199 1350 1233 inhabilem
1376 1200 1589 1233 declaramus.

1215 1263 1257 1286 ix.
1285 1253 1364 1296 Ipsis
1391 1252 1507 1286 iterum
1540 1252 1632 1286 enixe
1667 1252 1905 1296 praecipimus,

1172 1311 1206 1338 ut
1230 1306 1263 1339 in
1288 1307 1378 1339 nulla
1403 1306 1532 1349 penitus
1568 1306 1737 1349 provincia
1772 1316 1809 1338 ex
1844 1305 1906 1338 sibi

1171 1359 1323 1391 subiectis
1349 1368 1553 1402 quacumque
1588 1358 1714 1391 ratione
1741 1358 1788 1391 vel
1813 1360 1907 1391 causa

1172 1412 1340 1444 nominare
1365 1411 1505 1454 possint,
1529 1411 1675 1450 mittere,
1701 1417 1755 1443 aut
1788 1410 1907 1444 consti-

1173 1471 1261 1497 tuere
1302 1463 1559 1496 commissarium
1602 1464 1787 1506 generalem
1805 1489 1813 1503 ,
1853 1469 1908 1496 aut

1173 1527 1376 1559 quocumque
1401 1516 1465 1548 alio
1486 1516 1617 1549 nomine
1638 1516 1832 1558 delegatum,
1851 1516 1907 1548 sed

1172 1580 1280 1602 earum
1306 1569 1451 1611 regimen
1476 1568 1541 1601 suis
1572 1568 1822 1612 provincialibus
1859 1578 1908 1601 re-

1173 1622 1319 1665 linquat;
1347 1621 1433 1664 quod
1458 1621 1484 1654 si
1510 1631 1600 1653 casus
1626 1626 1657 1654 et
1685 1631 1779 1654 causa
1803 1620 1908 1664 gravis

1174 1676 1315 1714 accidat,
1342 1685 1423 1718 quae
1449 1685 1539 1707 suam
1562 1674 1780 1717 praesentiam
1805 1680 1837 1707 et
1865 1675 1908 1707 vi-

1173 1727 1355 1760 sitationem
1380 1732 1510 1770 poscat,
1537 1732 1592 1760 aut
1612 1732 1736 1770 tempus
1757 1737 1810 1760 eas
1834 1727 1909 1760 visi-

1175 1781 1262 1813 tandi
1288 1791 1346 1823 pro
1372 1790 1508 1813 munere
1533 1780 1709 1821 immineat,
1722 1790 1783 1813 nec
1798 1780 1837 1813 ad
1855 1790 1908 1813 eas

1175 1834 1330 1867 accedere
1355 1835 1491 1873 valeant,
1518 1839 1670 1877 poterunt
1694 1844 1752 1877 pro
1772 1834 1835 1867 illis
1851 1844 1909 1866 no-

1174 1889 1296 1920 minare
1307 1888 1356 1920 vel
1370 1887 1498 1920 mittere
1517 1888 1712 1921 visitatorem
1731 1893 1785 1920 aut
1801 1888 1909 1920 visita-

1177 1946 1272 1979 tores,
1284 1940 1339 1983 qui
1355 1939 1387 1971 in
1402 1940 1555 1973 omnibus
1572 1950 1605 1972 se
1621 1945 1736 1982 gerant
1752 1945 1783 1972 et
1798 1940 1910 1973 obser-

1176 1998 1249 2025 vent
1274 1992 1426 2025 universa
1461 2003 1544 2036 quae
1581 1992 1664 2025 infra
1700 1992 1907 2025 distinctione

1176 2045 1342 2088 sequenti,
1371 2055 1440 2088 cap.
1468 2055 1486 2078 v
1511 2045 1587 2077 alibi
1624 2045 1663 2077 de
1688 2045 1908 2077 visitatoribus

1177 2099 1349 2131 stabilitur.
1384 2098 1414 2131 Si
1447 2109 1524 2131 vero
1563 2104 1674 2131 contra
1704 2105 1909 2142 praesentem

1177 2152 1436 2184 constitutionem
1472 2151 1580 2194 aliqua
1605 2151 1657 2193 (ut
1680 2152 1910 2194 praemittitur)

1176 2203 1355 2237 nomin-atio
1380 2204 1564 2246 contingat,
1601 2204 1721 2237 nullius
1756 2206 1824 2237 tore
1859 2214 1911 2237 ro-

1177 2257 1264 2290 boris
1288 2257 1503 2289 declaramus.

1229 2321 1259 2342 x.
1296 2309 1449 2347 Quocirca
1485 2309 1648 2342 observari
1684 2309 1911 2343 constituimus

1179 2363 1380 2395 sanctionem
1405 2362 1467 2394 iam
1493 2362 1571 2395 alias
1597 2362 1763 2395 memorati
1778 2362 1911 2406 capituli

1180 2417 1339 2458 generalis
1363 2415 1513 2458 Optensis
1540 2426 1557 2447 a
1581 2415 1633 2448 SS.
1657 2415 1845 2449 Innocentio
1873 2416 1912 2449 XI

1180 2469 1410 2509 confirmatam,
1424 2479 1486 2510 qua
1501 2468 1707 2511 praecipitur,
1717 2474 1762 2508 ut,
1773 2469 1913 2501 instante

1180 2520 1303 2552 ratione
1328 2521 1378 2552 vel
1403 2521 1520 2559 causa,
1547 2520 1666 2562 quibus
1702 2531 1838 2554 neccsse
1873 2521 1915 2554 sit

1181 2573 1211 2606 in
1232 2573 1386 2616 praefatis
1415 2573 1576 2605 Indiarum
1609 2573 1783 2616 provinciis
1810 2574 1915 2607 visita-

1905 197 1960 226 ΔΩ.
1974 197 2005 226 C.
2019 197 2088 228 1691
