2254 3225
232 267 280 294 An.
302 266 330 294 c.
349 266 413 293 1091
464 257 529 291 390

427 320 491 348 tur.
529 314 665 348 Nomina
702 315 839 358 insuper
880 320 942 347 tam
981 313 1164 347 debitorum

427 379 522 411 quam
541 368 741 401 creditorum
760 368 791 400 in
807 367 875 411 ipso
894 367 987 400 etiam
1002 366 1084 399 libro
1101 375 1166 397 me-

428 420 550 454 morari
571 421 800 464 praecipimus,
820 426 863 460 ut,
883 420 959 463 quid
978 419 1093 462 cuique
1112 418 1166 450 de-

427 473 543 508 beatur
568 479 623 507 aut
647 474 786 514 debeat,
813 472 985 506 conventui
1018 477 1165 505 constare

427 528 543 561 valeat.
570 527 602 560 Si
628 527 704 570 quid
729 532 835 559 autem
862 531 974 558 mutuo
1005 534 1167 557 commen-

429 579 558 613 datores
584 579 752 622 accipiant,
775 589 902 622 semper
921 579 951 611 id
972 578 1088 611 saciant
1108 588 1167 610 nu-

429 634 551 665 merata
586 632 723 675 pecunia
747 642 855 664 eoram
888 630 1111 675 depositariis‚
1137 635 1168 663 et

429 685 516 718 inter
552 685 661 718 debita
695 685 796 717 activa
825 684 856 717 in
881 684 1048 727 praedicto
1085 683 1167 716 libro

429 738 623 781 conscripta,
649 738 681 770 in
707 738 863 780 librisque
889 736 1067 769 maioribus
1093 746 1168 769 con-

428 796 543 823 ventus
568 791 632 823 dati
658 796 690 823 et
714 790 850 833 accepti,
872 795 935 822 tam
960 789 992 822 in
1009 789 1167 822 solutione

430 854 526 886 quam
551 843 739 886 receptione
765 843 870 875 dictae
890 848 1054 875 mutuatae
1072 853 1168 886 pecu-

430 896 520 936 niae,
546 897 635 940 quod
668 897 694 929 si
728 897 928 929 contrarium
953 896 1078 936 saciant,
1106 902 1167 929 tam

429 949 490 992 ipsi
510 949 700 993 depositarii
716 960 809 992 quam
824 950 1072 983 commendator
1091 959 1169 993 poe-

430 1013 506 1035 nam
523 1002 712 1046 privationis
732 1002 820 1035 vocis
837 1003 957 1036 activae
976 1008 1007 1036 et
1023 1003 1168 1046 passivae

431 1061 462 1087 et
487 1055 667 1089 officiorum
692 1055 867 1094 incurrant,
890 1060 921 1087 et
946 1055 1010 1088 sint
1034 1055 1168 1097 obligati

430 1108 551 1148 debito,
577 1108 680 1141 donec
704 1108 784 1141 illud
810 1107 981 1141 conventui
1007 1109 1145 1141 solvant.

473 1171 503 1194 v.
530 1161 704 1194 statuimus
736 1166 930 1204 praeterea,
957 1165 993 1193 ut
1023 1162 1171 1204 superio-

429 1225 480 1248 res
502 1214 642 1255 Ordinis,
671 1224 872 1258 quacumque
899 1214 1087 1248 auctoritate
1113 1225 1169 1247 seu

429 1268 579 1301 facultate
604 1268 840 1312 praefulgeant,
865 1268 955 1300 nullo
982 1268 1078 1301 modo
1096 1278 1170 1311 pos-

430 1321 493 1354 sint
517 1321 604 1354 bona
628 1331 851 1364 quaecumque
882 1321 914 1352 in
941 1321 1075 1353 alteram
1100 1330 1171 1364 pro-

430 1374 568 1407 vinciam
592 1375 642 1407 vel
667 1374 763 1407 etiam
790 1374 828 1406 de
854 1384 918 1406 uno
949 1379 1111 1406 conventu
1138 1374 1170 1406 in

431 1426 530 1458 alium
562 1427 751 1466 traducere,
780 1426 867 1458 iuxta
903 1426 1170 1459 constitutionem

431 1478 604 1512 Clementis
639 1479 704 1511 VIII
741 1479 876 1521 eiusque
910 1483 1077 1520 tenorem,
1110 1480 1170 1512 sub

433 1530 515 1564 datis
541 1531 662 1564 Romae
688 1542 737 1565 xlx
764 1530 900 1564 ianuarii
925 1541 1015 1564 tunel.

475 1592 519 1616 vt.
559 1583 718 1621 Quantum
760 1594 835 1616 vero
867 1584 906 1616 ad
940 1583 1169 1617 alienationem

431 1636 592 1669 bonorum
618 1637 746 1670 Ordinis
771 1636 913 1670 districte
938 1637 1169 1680 praecipimus,

431 1695 585 1733 utneque
606 1691 760 1733 magister
781 1691 953 1733 generalis,
974 1701 1079 1733 neque
1097 1700 1171 1733 pro-

431 1742 602 1783 vincialis,
629 1749 682 1776 aut
712 1743 843 1776 illorum
876 1743 1037 1786 capitula,
1064 1753 1170 1786 neque

433 1797 727 1837 commendatores,
756 1802 810 1829 aut
829 1797 961 1830 illorum
980 1802 1170 1836 conventus,

431 1851 481 1882 vel
508 1850 647 1892 quilibet
672 1851 753 1883 alius
780 1850 883 1893 possit
907 1861 967 1894 per
991 1861 1024 1882 se
1049 1851 1099 1882 vel
1129 1850 1171 1882 al-

433 1906 536 1935 terum
560 1903 725 1936 remittere
757 1909 811 1936 aut
846 1904 1030 1936 condonare
1063 1913 1169 1946 neque

432 1955 624 1988 renunciare
651 1956 885 1989 haereditatem
912 1956 1090 1999 legitiman,
1117 1961 1171 1988 aut

433 2008 495 2041 alia
512 2019 734 2052 quaecumque
755 2010 841 2042 bona
856 2020 937 2053 quae
953 2010 1103 2042 fratribus
1121 2009 1169 2042 et¹

433 2061 654 2095 haereditario
690 2062 759 2095 iure
785 2068 920 2105 paterno
946 2063 994 2095 vel
1023 2068 1170 2096 materno

434 2120 488 2147 aut
506 2115 617 2157 quovis
639 2115 703 2148 alio
718 2115 782 2148 illis
802 2122 830 2147 et
846 2115 958 2148 urdini
978 2115 1169 2149 debeantur.

477 2179 534 2202 vu.
561 2168 664 2211 Super
688 2169 805 2212 quibus
829 2169 976 2202 similiter
1007 2169 1170 2202 observari

434 2221 654 2264 praecipimus
680 2223 845 2255 decretum
882 2232 993 2255 sacrae
1028 2221 1171 2264 Congre-

436 2274 574 2317 gationis
598 2273 731 2307 Concilii
757 2274 891 2317 speciali
917 2274 1007 2307 iussu
1036 2274 1089 2307 SS.
1117 2274 1173 2307 Ur-

435 2326 510 2359 bani
550 2326 614 2359 VIII
648 2327 768 2360 editum
805 2327 855 2360 die
892 2338 935 2361 vu
977 2327 1171 2370 septembris

435 2390 521 2413 anno
546 2390 695 2421 MDCxxlv,
720 2381 775 2413 ubi
801 2387 959 2423 perpetuo
978 2381 1173 2424 prohibetur

436 2433 587 2466 omnibus
607 2434 831 2477 superioribus
852 2433 1023 2466 cuiuslibet
1044 2434 1173 2475 religio-

436 2486 495 2526 nis,
515 2487 575 2519 sub
600 2489 705 2529 poena
730 2485 920 2529 privationis
942 2486 1085 2519 omnium
1105 2486 1173 2519 offi-

436 2539 557 2572 ciorum
574 2540 725 2582 vocisque
744 2539 864 2572 activae
891 2544 921 2571 et
941 2539 1085 2582 passivae
1103 2539 1172 2581 ipso

437 2593 521 2625 sacto
544 2593 744 2633 incurrenda,
772 2593 934 2625 bonorum
960 2591 1172 2624 immobilium

473 2657 483 2681 1
510 2654 619 2680 Videtur
639 2654 783 2688 legendum
805 2663 838 2681 (ur
859 2659 898 2689 (n.
915 2652 964 2689 T.).

1006 265 1184 289 BULLARIUM
1208 263 1364 286 ROMANCM

1206 310 1422 353 pretiosorum
1447 309 1609 351 alienatio,
1636 310 1782 353 aliaeque
1800 309 1942 343 actiones

1207 369 1239 396 et
1263 368 1449 396 contractus
1474 363 1560 396 eirca
1585 363 1696 396 eadem
1722 363 1807 396 bona
1832 363 1864 395 in
1891 373 1944 396 eo-

1208 415 1280 448 dem
1306 416 1435 449 decreto
1461 421 1621 455 contenta,
1640 415 1701 448 nisi
1723 416 1834 449 eadem
1853 417 1944 448 sacra

1207 468 1490 511 Congmgaflone',
1516 475 1547 501 et
1571 479 1642 501 cum
1668 468 1767 512 ipsius
1792 471 1944 512 expressa

1209 522 1351 560 licentia,
1378 526 1607 564 praeterquam
1631 521 1664 553 in
1689 521 1815 554 casibus
1833 532 1850 554 a
1876 521 1944 554 iure

1209 574 1377 617 permissis
1416 579 1448 606 et
1487 584 1544 616 pro
1580 574 1806 617 redemptione
1844 575 1945 617 eapti-

1210 636 1336 659 vorum.

1252 690 1320 713 vui.
1342 680 1508 713 Praesenti
1524 681 1755 713 constitutione
1773 680 1945 714 statuimus

1210 738 1242 766 et
1266 733 1481 773 decernimus,
1508 739 1543 766 ut
1566 734 1651 767 bona
1676 734 1814 773 stabilia,
1832 734 1871 767 ad
1890 734 1946 766 fra-

1211 786 1331 829 trisque
1358 786 1533 828 legitimam
1566 786 1778 829 pertinentIa,
1816 797 1946 830 semper

1210 840 1255 872 illi
1278 840 1474 872 munasterio
1501 840 1691 880 tribuantur,
1717 840 1770 872 ubi
1798 840 1867 873 talis
1886 841 1946 873 fra-

1210 897 1258 925 ter
1298 892 1441 924 habitum
1479 893 1645 934 religionis
1681 894 1834 936 suscepit.
1869 893 1946 925 Cum

1210 950 1316 977 autem
1342 956 1357 976 e
1383 945 1446 976 vita
1472 945 1667 985 discesserit,
1693 946 1841 980 universa
1860 947 1947 980 bona

1210 997 1353 1037 mobilia,
1379 1008 1461 1040 quae
1488 999 1526 1030 ad
1552 1009 1645 1031 usum
1671 999 1867 1041 possidebat,
1903 999 1947 1032 sic

1211 1050 1411 1091 dividantur,
1437 1056 1472 1082 ut
1498 1051 1625 1084 babitus
1643 1057 1675 1084 et
1699 1057 1803 1085 vestes
1821 1052 1948 1095 religio-

1211 1103 1255 1135 sis
1281 1103 1382 1145 magis
1401 1103 1620 1146 indigentibus
1646 1115 1663 1136 a
1687 1106 1948 1139 commendatore

1212 1155 1462 1196 distribuantur,
1488 1157 1686 1199 pertinentia
1717 1168 1793 1190 vero
1828 1158 1867 1191 ad
1903 1159 1950 1191 le-

1212 1209 1333 1241 ctulum
1366 1214 1397 1242 et
1429 1219 1593 1248 mensam,
1635 1220 1856 1254 quaecumque
1893 1211 1950 1244 illa

1212 1261 1285 1301 sint,
1311 1262 1470 1294 ducantur
1494 1263 1532 1295 ad
1552 1262 1775 1303 infirmariam,
1810 1264 1948 1308 eiusque

1213 1314 1360 1357 deposito
1385 1314 1583 1354 inserantur,
1609 1316 1641 1348 in
1668 1327 1731 1359 quo
1766 1317 1949 1350 huiusmodi

1211 1367 1362 1400 utensilia
1387 1378 1447 1410 pro
1473 1367 1608 1400 infirmis
1641 1374 1762 1401 tantum
1794 1370 1948 1402 custodiri

1212 1421 1428 1464 praecipimus
1443 1421 1536 1454 modo
1555 1427 1586 1454 et
1603 1422 1708 1454 forma
1725 1422 1787 1455 iam
1803 1433 1860 1456 suo
1878 1424 1948 1456 loco

1212 1474 1398 1516 praedictis.
1426 1473 1571 1507 Ceterum
1588 1474 1663 1507 libri
1688 1485 1705 1506 a
1728 1475 1882 1517 magistro
1901 1477 1949 1508 vel

1213 1527 1401 1569 provinciali
1417 1527 1627 1560 conventibus
1642 1528 1821 1561 studiorum
1841 1529 1952 1571 (prout

1212 1579 1326 1612 melius
1351 1580 1544 1623 expedierit)
1571 1580 1810 1623 impertiantur.
1830 1581 1951 1614 Seditia

1213 1643 1299 1673 vero,
1324 1644 1454 1666 mensae
1480 1638 1511 1666 et
1535 1643 1630 1666 omne
1656 1644 1757 1676 genus
1782 1645 1884 1675 arcae,
1906 1640 1951 1668 te-

1213 1692 1450 1729 gumentorum,
1478 1687 1679 1730 vestiumque
1698 1688 1875 1728 custodiae,
1893 1688 1951 1721 mi-

1213 1739 1378 1772 nisterium
1404 1739 1577 1779 scribendi,
1602 1740 1756 1773 lucernae
1778 1744 1809 1773 et
1834 1740 1950 1773 eande-

1213 1793 1310 1831 labra,
1331 1797 1359 1825 et
1378 1791 1410 1826 id
1428 1802 1529 1835 genus
1545 1792 1706 1832 utensilia,
1721 1798 1873 1826 maneant
1889 1793 1951 1837 ipsi

1213 1844 1398 1884 conventui,
1426 1844 1479 1877 ubi
1495 1845 1594 1877 frater
1611 1845 1797 1885 decesserit,
1820 1845 1851 1877 in
1869 1855 1954 1878 com-

1213 1898 1368 1941 munique
1405 1897 1472 1930 eius
1512 1898 1694 1931 inventario
1728 1898 1952 1931 describantur

1214 1956 1374 1994 tamquam
1399 1951 1484 1984 bona
1508 1950 1609 1994 ipsius
1641 1956 1839 1991 conventus,
1873 1952 1952 1984 itaut

1213 2009 1374 2047 perpetuo
1392 2009 1625 2036 conserventur
1643 2003 1674 2036 in
1695 2003 1784 2036 cellis
1808 2003 1951 2037 eiusdem

1214 2057 1252 2090 ad
1278 2067 1373 2090 usum
1394 2056 1633 2098 religiosorum.

1258 2120 1299 2144 tx.
1316 2110 1451 2153 Reliqua
1470 2110 1597 2142 tandem
1616 2109 1711 2150 bona,
1727 2119 1810 2153 quae
1822 2115 1951 2153 praeter

1214 2163 1299 2196 dicta
1310 2162 1539 2206 superfuerint,
1555 2162 1670 2195 solutis
1685 2168 1758 2195 ante
1773 2163 1881 2195 omnia
1898 2163 1952 2196 de-

1214 2216 1289 2248 bitis
1300 2214 1454 2256 defuncti,
1473 2214 1504 2247 in
1521 2221 1659 2257 quatuor
1673 2220 1781 2258 partes
1799 2216 1951 2259 aequales

1215 2269 1409 2309 dividantur,
1436 2279 1570 2312 quarum
1595 2268 1699 2312 prima
1727 2269 1888 2312 pertineat
1912 2269 1950 2301 ad

1215 2329 1410 2356 conventum
1440 2323 1474 2355 in
1502 2333 1566 2366 quo
1603 2323 1772 2355 defunctus
1805 2322 1950 2354 habitum

1215 2376 1374 2419 suscepit;
1401 2376 1542 2409 secunda
1566 2375 1604 2408 ad
1637 2374 1868 2418 provincialem
1893 2385 1950 2417 pro

1215 2429 1362 2472 expensis
1387 2428 1591 2471 provinciae·,
1610 2428 1704 2460 tertia
1724 2432 1901 2470 reponatur
1917 2427 1950 2459 in

1215 2483 1360 2515 custodia
1391 2481 1534 2524 religiosi
1560 2480 1719 2523 designati
1749 2491 1766 2513 a
1797 2480 1950 2522 magistro

1216 2537 1359 2578 generali
1384 2546 1443 2579 pro
1468 2535 1553 2568 victu
1579 2539 1609 2567 et
1634 2534 1870 2567 sustentatione
1902 2532 1950 2565 sui

1216 2594 1247 2621 et
1270 2600 1329 2632 pro
1352 2589 1533 2632 sumptibus
1551 2588 1668 2627 officii,
1687 2593 1800 2631 quarta
1819 2597 1893 2619 vero
1912 2586 1951 2619 ad

1254 2654 1262 2678 1
1288 2652 1396 2678 t'id--tur
1417 2652 1509 2678 deesse
1530 2652 1668 2683 consulta,
1686 2654 1730 2677 aut
1746 2649 1831 2676 simile
1850 2650 1949 2684 (a.'r.).

1953 261 2001 287 An.
2024 261 2052 288 C.
2067 262 2134 289 1691
