2227 3225
114 204 162 231 An.
183 204 213 232 C.
231 204 299 232 1696

137 847 258 871 Exordium.

114 1486 144 1506 Ab
154 1484 239 1506 Urbano
247 1485 292 1505 Vlil

109 1514 203 1534 inu-uria
253 1512 289 1532 suit

109 1540 226 1560 ordinariis
236 1539 291 1559 luco-

108 1573 145 1586 Πι-
169 1568 189 1585 et
204 1571 291 1590 genera-

108 1594 163 1614 libus
183 1593 291 1614 Ordinem.

109 1623 130 1639 ιιι
152 1620 184 1639 bis
200 1619 218 1639 in
237 1624 291 1638 anno

108 1648 207 1665 curarent
216 1651 290 1672 exponi

108 1674 246 1692 necessitates
261 1672 291 1691 di-

108 1702 188 1719 clorum
235 1699 290 1719 loeo·

109 1731 161 1747 rum.

307 263 385 292 rem,
398 252 457 284 sub
471 251 589 283 annulo
604 250 788 290 piscatoris,
805 250 855 283 die
869 261 905 283 xv
920 250 1044 282 februa-

307 304 345 337 rii
363 313 514 343 nncxcw,
532 301 738 346 pontificatus
756 303 859 335 nostri
877 313 962 335 anno
980 312 1008 335 v.

340 364 399 393 Dat.
417 364 461 393 die
484 364 516 392 15
533 364 664 392 februarii
687 364 764 400 1596,
787 364 882 400 pontif.
904 373 973 392 anno
989 371 1016 392 v.

609 504 738 541 CXXVI.

307 587 528 630 Confirmalur
544 589 729 622 constitutio
745 588 870 621 Urbani
889 588 971 621 VIII
983 598 1042 631 pro

349 641 590 674 necessitatibus
605 641 747 674 Iocorum
764 642 1008 674 Peri-aescinclae
1019 640 1038 673 ¹.

479 722 675 749 Innocentius
700 722 778 756 Papa
796 722 864 753 XII,

447 767 483 793 ad
502 767 636 793 futuram
655 766 700 793 rei
719 766 900 793 memoriam.
1061 764 1063 797 ζ

348 835 516 870 Salutaris⁹
529 841 560 869 et
575 836 697 870 domini
711 836 810 870 nostri
826 836 895 869 lesu
911 836 1040 876 Christi,
1061 839 1062 842 ’

306 892 360 934 qui
385 901 444 934 pro
465 890 599 923 humani
619 890 747 933 generis
762 891 989 934 redemptione
1006 901 1040 923 se
1062 920 1063 936 χ

304 944 410 988 ipsum
435 943 613 977 exinanivit
637 944 740 977 sactus
765 944 921 977 obediens
938 955 1041 987 usque
1062 947 1063 990 j

305 999 345 1031 ad
358 1003 506 1038 mortem,
518 998 614 1038 vices,
628 998 704 1031 licet
715 999 879 1039 immeriti,
891 1004 1040 1041 gerentes

304 1051 336 1084 in
377 1051 496 1092 terris,
529 1051 615 1084 iuter
652 1050 848 1094 multiplices
890 1051 1042 1093 gravissi-

303 1114 438 1147 masque
464 1103 661 1147 apostolicae
686 1103 851 1136 servitutis
877 1115 981 1144 curas,
1008 1105 1040 1136 in

304 1168 374 1191 eam
396 1157 589 1200 praecipuae
614 1157 786 1200 pastoralis
810 1157 1040 1190 sollicitudinis

302 1210 468 1253 vigilantia
492 1210 730 1250 incumbimus,
756 1216 791 1242 ut
817 1211 895 1243 tanti
922 1216 954 1243 ct
978 1216 1040 1244 tam

303 1263 443 1296 salubris
468 1263 611 1307 mysterii
637 1269 869 1304 monumenta,
901 1275 982 1307 quae
1007 1264 1039 1296 in

304 1317 432 1351 civitate
447 1317 649 1350 Hierusalem
665 1323 695 1349 et
710 1317 790 1350 locis
804 1317 1040 1350 circumvicinis

303 1374 387 1410 sunt,
401 1375 645 1409 conserventur,
661 1375 692 1402 et
706 1369 792 1401 omni
815 1380 879 1412 qua
899 1369 967 1402 lieri
986 1380 1041 1413 po-

305 1422 379 1456 terit
408 1421 524 1454 maiori
558 1421 814 1454 honorificentia
839 1423 1038 1455 recolantur.

347 1474 362 1518 ξ
387 1473 418 1506 l.
445 1473 521 1507 Cum
545 1474 666 1517 itaque,
681 1473 783 1507 felicis
805 1475 1041 1509 recordationis

304 1527 432 1560 Urbano
455 1528 541 1571 Papa
565 1527 629 1560 Ylll
653 1528 900 1570 praedecessori
928 1534 1040 1562 nostro

303 1580 381 1614 alias
417 1580 565 1624 exposito
599 1581 685 1624 quod
718 1581 875 1614 ecclesiae
913 1588 944 1615 et
979 1583 1041 1615 alia

303 1636 374 1668 loca
398 1634 451 1678 pia
475 1635 509 1667 in
541 1634 669 1667 civitate
692 1635 898 1668 Ilierusalern
919 1641 951 1668 et
971 1636 1042 1669 aliis

302 1688 384 1721 locis
409 1688 659 1721 Terraesanctae
686 1688 857 1721 existentia
890 1689 956 1722 sere
993 1689 1042 1722 di-

303 1746 375 1773 ruta
392 1745 493 1781 erant,
514 1746 545 1774 et
563 1751 645 1784 quae
663 1741 771 1774 adhuc
791 1742 835 1774 ibi
862 1742 1043 1776 existebant

302 1794 501 1827 monasteria
522 1804 597 1827 aere
615 1794 734 1835 alieno,
751 1794 792 1827 ob
810 1795 942 1838 impiam
967 1796 1042 1828 Tur-

302 1857 423 1888 carmn,
446 1846 687 1879 haereticorum
713 1852 745 1880 et
761 1847 1041 1882 schismaticorum

303 1899 507 1944 tyrannidem
532 1904 565 1933 et
588 1910 649 1943 pro
674 1906 804 1933 sanctae
830 1901 904 1934 fidei
929 1901 1042 1935 catho-

301 1953 383 1987 licae
408 1953 443 1986 in
463 1953 585 1986 eisdem
602 1953 684 1986 locis
701 1954 950 1988 conservatione
972 1965 1042 1988 con-

302 2011 413 2047 tracto,
429 2007 606 2040 admodum
630 2012 760 2049 gravata
777 2007 1038 2051 reperiebantur,

302 2060 388 2093 idem
410 2060 558 2093 Urbanus
583 2061 822 2104 praedecessor
837 2061 1041 2104 patriarchis,

301 2114 570 2157 archiepiscopis,
607 2115 771 2158 episcopis
797 2121 828 2149 et
852 2116 922 2149 aliis
954 2117 1042 2149 loco-

303 2177 375 2200 rum
414 2166 621 2208 Ordinariis‚
653 2178 782 2201 necnon
819 2168 970 2201 omnibus
1011 2174 1042 2202 et

301 2219 437 2263 singulis
462 2221 650 2264 quorumvis
675 2220 833 2255 Ordinum
853 2232 889 2255 ac
909 2232 1041 2265 congre-

301 2273 468 2317 gationum
507 2279 539 2307 et
577 2274 800 2308 institutorum
841 2275 1040 2318 regularium

302 2327 512 2371 generalibus
537 2328 737 2362 commiserit
768 2335 800 2362 et
824 2329 1038 2371 mandaverit,

337 2426 348 2451 1
368 2424 438 2451 Haec
454 2424 608 2452 constitutio
625 2425 720 2452 ultimo
732 2426 893 2453 confirmata
904 2425 991 2453 fuerat
1006 2426 1040 2453 ab

301 2469 452 2496 Alexandro
466 2469 526 2496 VIII
546 2477 617 2496 anno
638 2476 799 2505 nnctxxxix,
816 2471 858 2497 die
880 2472 910 2497 18
931 2479 1040 2498 novem-

301 2514 367 2547 bris,
389 2514 485 2548 pontif.
501 2519 526 2547 13
547 2517 574 2540 et
593 2518 687 2549 postea
705 2523 720 2541 a
739 2515 882 2542 Clemente
897 2515 930 2542 XI
951 2521 1038 2544 const.

300 2558 364 2586 edit.
387 2557 430 2584 die
449 2564 486 2584 xu
500 2558 653 2585 novembris
669 2565 792 2586 nnccxxr.

336 2602 352 2629 2
369 2601 468 2629 Forsan
481 2602 641 2631 salvatoris
655 2603 688 2630 de
704 2612 779 2632 more
795 2604 871 2633 solito
882 2605 935 2640 leg.
948 2606 1038 2641 (R.T.).

390 2656 468 2686 Buzz.
489 2656 571 2685 Rom.
591 2672 626 2678 —
649 2658 709 2687 Vol.
729 2660 789 2687 XX.
934 2660 969 2687 94

878 203 1084 226 ixxticmTlt‘s

1110 204 1153 225 xu
1179 204 1226 227 rr.

1084 255 1119 283 ut
1149 251 1190 284 ad
1217 251 1325 284 minus
1353 251 1474 284 duabus
1508 252 1629 284 vicibus
1658 251 1819 295 quolibet¹

1084 302 1248 336 Adventus
1267 308 1299 336 et
1323 303 1593 346 Quadragesimae
1620 304 1819 347 temporibus

1085 362 1148 389 tam
1172 366 1229 400 per
1253 356 1343 390 verbi
1364 356 1420 389 Dei
1438 356 1678 399 praedicatores
1705 357 1736 389 in
1755 357 1820 389 suis

1085 409 1183 442 sacris
1207 408 1432 449 concionibus,
1461 420 1556 452 quam
1581 409 1614 440 in
1639 408 1821 441 actionibus

1085 469 1115 496 et
1130 463 1353 496 functionibus
1370 462 1509 506 publicis
1535 462 1746 495 necessitates
1767 472 1821 495 eo-

1083 517 1232 550 rumdem
1256 526 1424 549 sacrorum
1450 520 1737 548 monumentorum
1763 525 1822 558 po-

1084 572 1160 614 pulo
1185 570 1326 615 proponi
1363 575 1394 603 et
1417 569 1637 603 commendari
1672 573 1822 601 curarent

1083 630 1115 657 et
1140 626 1293 664 facerent,
1324 629 1356 656 ct
1380 623 1458 656 alias
1484 628 1581 666 prout
1616 622 1649 655 in
1674 621 1821 655 ciusdem

1083 675 1203 708 Urbani
1239 674 1501 718 praedecessoris
1539 673 1656 707 litteris
1683 673 1822 716 desuper

1085 729 1116 760 in
1141 728 1238 761 simili
1264 728 1366 760 forma
1391 727 1501 760 Brevis
1526 727 1577 760 die
1602 737 1639 760 111
1665 725 1821 759 februarii

1061 791 1243 829 kiuncxxxrv
1280 780 1463 824 expeditis,
1500 791 1636 824 quarum
1673 785 1820 812 tenorem

1084 833 1311 878 praesentibus
1335 844 1395 876 pro
1430 834 1526 876 plene
1564 839 1595 865 et
1626 832 1821 865 sufficienter

1062 888 1258 931 *expresso*
1275 892 1306 919 et
1341 886 1464 919 inserto
1498 886 1612 918 haberi
1649 887 1818 926 volumus,

1083 941 1215 973 uberius
1240 939 1438 980 continetur3
1466 945 1511 979 et,
1539 939 1621 971 sicut
1645 949 1704 982 pro
1729 943 1820 982 parte

1084 994 1193 1027 dilecti
1218 993 1274 1026 lilii
1308 992 1493 1036 Hieronymi
1520 992 1659 1025 Roavuls
1691 991 1821 1024 Ordinis

1083 1046 1241 1078 Minorum
1257 1046 1357 1078 sancti
1376 1045 1540 1078 Francisci
1559 1045 1821 1078 Recolleclorurn

1083 1110 1139 1133 seu
1165 1100 1204 1133 de
1224 1099 1437 1132 observantia
1461 1103 1725 1142 nuncupatorum
1751 1108 1822 1141 pro-

1083 1153 1217 1186 fessoris
1252 1162 1311 1195 pro
1349 1151 1450 1185 Gallia
1474 1151 1689 1184 commissarii
1724 1161 1822 1194 gene-

1082 1207 1160 1239 ralis
1186 1206 1333 1239 eiusdem
1365 1205 1615 1238 Terraesanctae
1646 1205 1738 1237 nobis
1764 1214 1823 1236 nu-

1082 1272 1142 1305 per
1179 1261 1362 1304 expositum
1400 1260 1461 1292 l'uit
1497 1261 1565 1303 ipse
1599 1271 1661 1304 quo
1693 1260 1822 1304 praedi-

1082 1319 1152 1347 ctae
1169 1313 1289 1347 L‘rbani
1307 1313 1568 1356 praedecessoris
1586 1313 1721 1353 litterae,
1740 1323 1822 1356 quae

1083 1379 1099 1400 a
1126 1367 1319 1400 recolendae
1345 1367 1521 1399 memoriae
1541 1367 1728 1399 Innocentio
1746 1367 1771 1399 X
1793 1371 1824 1399 et

1061 1431 1062 1434 ’
1083 1421 1245 1454 Clemente
1264 1420 1361 1453 etiam
1384 1420 1409 1452 X
1438 1420 1591 1452 Romanis
1609 1420 1823 1453 Pontificibus

1083 1473 1394 1517 praedecessoribus
1419 1473 1541 1516 pariter
1565 1474 1685 1506 nostris
1712 1473 1824 1506 confir—

1083 1532 1188 1560 matae
1213 1527 1353 1567 fuerunt,
1381 1526 1521 1559 exactius
1546 1527 1771 1567 observentur,
1787 1526 1825 1560 il·

1083 1582 1130 1614 las
1156 1590 1216 1624 per
1240 1590 1301 1613 nos
1326 1579 1451 1623 pariter
1475 1579 1659 1613 confirmari
1677 1585 1708 1613 et
1731 1580 1826 1613 inno-

1083 1634 1151 1667 vari
1184 1633 1368 1667 desideret:
1394 1643 1462 1673 nos,
1490 1633 1677 1666 eorumdem
1714 1644 1824 1666 sacro-

1083 1697 1156 1720 rum
1192 1691 1480 1720 monumentorum
1513 1686 1753 1720 conservationi
1793 1691 1826 1720 et

1084 1740 1323 1774 manutentioni
1348 1741 1521 1774 consulere
1538 1741 1694 1781 volentes,
1716 1741 1755 1773 de
1771 1751 1825 1773 ve-

1084 1794 1280 1828 nerabilium
1306 1793 1440 1826 fratrum
1465 1798 1652 1826 nostrorum
1677 1793 1709 1826 S.
1725 1793 1763 1826 R.
1786 1793 1822 1826 E.

1085 1846 1297 1880 cardinalium
1319 1846 1460 1888 negotiis
1481 1845 1716 1889 propagandae
1733 1846 1825 1879 Fidei

1084 1900 1346 1944 praepositorum
1372 1900 1524 1940 consilio,
1550 1900 1733 1943 praedictas
1770 1900 1826 1932 Ur-

1084 1953 1160 1986 bani
1184 1953 1450 1996 praedecessoris
1485 1953 1611 1986 litteras
1646 1953 1826 1997 apostolica

1085 2008 1276 2041 auctoritate
1310 2012 1424 2041 tenore
1455 2008 1678 2051 praesentium
1709 2008 1826 2041 confir-

1084 2071 1206 2094 mamus
1230 2061 1356 2105 pariter
1378 2066 1409 2094 et
1429 2062 1658 2104 approbamus,
1684 2061 1825 2105 illasque

1084 2115 1274 2148 innovamus
1301 2119 1331 2147 et
1356 2114 1521 2147 observari
1547 2114 1748 2147 mandamus.

1127 2167 1142 2210 g
1167 2167 1197 2199 ΕΣ.
1224 2167 1378 2200 Volumus
1404 2172 1513 2200 autem
1537 2172 1571 2200 ut
1595 2168 1823 2211 patriarchae,

1793 2222 1799 2227 ,
1849 2210 2005 2227 constituimus

1084 2221 1323 2265 archiepiscopi
1360 2226 1392 2255 et
1417 2221 1563 2266 episcopi
1599 2222 1759 2266 praedicti
1791 2233 1825 2255 in
1837 2233 1985 2254 rmimvui.

1083 2274 1243 2308 relatione
1285 2276 1386 2308 status
1427 2285 1558 2308 suarum
1598 2275 1824 2317 ecclesiarum,

1085 2328 1215 2371 quando
1246 2327 1424 2361 visitabunt
1458 2327 1570 2361 limina
1594 2329 1826 2372 Apostolorum

1084 2381 1240 2422 facienda,
1267 2382 1412 2414 reserant
1437 2391 1470 2415 se
1496 2382 1673 2424 praedictis
1704 2381 1826 2415 Urbani

1083 2435 1392 2479 praedecessoribus
1411 2441 1441 2469 et
1460 2435 1688 2479 praesentibus
1709 2435 1825 2468 litteris

1083 2489 1203 2522 nostris
1229 2489 1396 2533 paruisse:
1422 2489 1595 2523 contrariis
1613 2500 1678 2523 non
1696 2490 1826 2523 obstan-

1084 2543 1169 2576 tibus
1188 2543 1461 2587 quibuscumque.

1120 2607 1131 2633 1
1154 2606 1236 2634 Deest
1256 2615 1306 2634 vox
1326 2615 1400 2634 anno
1421 2607 1461 2641 (n.
1478 2606 1527 2642 n).

1719 195 1782 227 7115
1828 204 1876 231 An.
1899 203 1926 230 c.
1946 202 2012 232 ¹696

1884 2180 2020 2201 Confirmatio
