2227 3225
116 266 166 294 An.
187 266 214 291 C.
236 265 301 292 ¹698

0 361 3 388 Ι

167 1552 302 1573 Confirmatio

115 1579 232 1600 relaturum
265 1580 301 1601 de-

116 1609 230 1628 eretorum.

893 261 1104 285 INNOCENTIUS
1130 261 1175 284 xit
1200 261 1250 284 PP.

310 314 366 354 lis,
392 318 455 346 etc.
495 312 634 345 Attentis
671 310 809 344 oratoris
842 310 992 353 precibus
1019 309 1050 342 in

311 367 372 400 boc
396 366 608 408 retroscripto
639 364 752 397 libello
778 364 816 396 ad
844 374 901 396 nos
927 363 1050 395 directo

309 420 490 459 contentis,
521 419 643 452 eisdem
676 418 808 451 omnino
841 417 1050 450 annuendum

309 484 381 507 esse
393 483 576 506 censemus.
593 472 675 505 Hinc
690 471 850 514 estquod,
868 470 1051 503 insistendo

308 526 454 569 vestigiis
476 524 742 559 reverendissimi
769 524 869 567 patris
888 523 1053 556 Bouavcn-

310 586 399 613 turae
426 580 544 619 roei-ii,
562 579 666 612 nostri
690 579 720 610 in
739 578 843 611 otlicio
863 577 1054 620 praedeces-

309 633 417 673 soris,
445 633 701 677 suprainsertum
727 632 911 669 decretum,
930 630 969 662 ab
996 630 1051 662 illo

310 689 434 720 summa
454 686 646 726 maturitate,
666 685 910 729 ponderositate
929 690 959 717 et
977 695 1053 727 pru-

311 741 421 773 dentia
447 741 575 779 sactum,
606 745 720 772 tenore
747 738 969 782 praesentium
996 748 1052 781 ap-

309 794 497 838 probamus,
519 794 741 827 ratiliabcmus
759 798 790 825 ct
808 791 1050 831 confirmamus,

310 847 550 891 praecipientes
571 847 602 879 in
616 847 731 879 virtute
751 850 880 878 sanctae
899 844 1054 877 obedien-

310 900 383 939 tiae,
400 907 430 933 et
456 901 514 933 sub
541 900 655 944 poenis
680 899 712 932 in
739 899 853 932 eodem
878 898 1053 937 contentis,

310 954 460 988 omnibus
486 954 579 987 nobis
604 952 824 986 subordinatis
845 952 1003 996 praelatis
1023 958 1054 985 et

310 1007 470 1047 subditis,
497 1018 537 1040 ne
562 1007 642 1040 illud
677 1006 790 1050 quovis
816 1006 913 1039 modo
940 1005 1054 1037 infrin-

311 1067 387 1105 gant
412 1063 461 1095 vel
488 1061 618 1104 infringi
646 1061 847 1104 permittant,
873 1060 929 1092 sed
956 1059 1055 1092 invio-

311 1116 453 1150 labiliter
489 1116 691 1154 observent,
724 1120 756 1148 et
793 1114 903 1147 taliter
936 1113 1055 1146 saciant

312 1170 490 1204 observari.
518 1170 632 1202 Datum
660 1169 779 1202 Romae
814 1179 850 1201 ex
885 1167 1053 1208 Aracaeli,

312 1225 364 1258 die
389 1234 442 1258 xx1
468 1223 663 1267 septembris
688 1232 854 1256 iinexcvn.
877 1241 921 1246 -—
945 1222 1056 1254 Frater

311 1278 505 1312 Nummus
530 1287 547 1310 A
572 1276 603 1310 S.
631 1276 804 1309 STErnmo
827 1276 976 1308 minister
1001 1285 1056 1318 gc-

311 1332 444 1365 neralis.
464 1351 508 1354 —
524 1331 605 1364 Loco
629 1332 652 1371 †
676 1330 794 1373 sigilli.
822 1330 865 1362 Dc
903 1329 1054 1361 mandato

312 1395 388 1418 suae
407 1385 700 1418 reverendissimae
719 1383 938 1427 paternitatis,
959 1383 1057 1415 frater

312 1438 449 1472 lomnes
476 1439 578 1471 MAnu
603 1448 644 1470 DE
668 1438 699 1470 S.
726 1437 833 1471 Caeca
862 1436 1056 1470 secretarius

313 1491 478 1535 generalis
504 1491 634 1524 Ordinis
649 1503 678 1523 ».

357 1546 371 1589 ἓ
392 1545 422 1578 2.
450 1545 527 1578 Cum
555 1550 672 1585 autem,
690 1544 771 1577 sicut
796 1544 909 1577 eadem
932 1543 1057 1587 exposi-

314 1599 357 1633 tio
400 1599 646 1641 subiungebat,
685 1598 869 1642 praedictus
904 1597 1055 1631 Nic-olaus

313 1653 445 1687 decreta
454 1652 653 1691 huiusmodi,
665 1663 728 1696 quo
744 1652 868 1684 tirmius
882 1651 1057 1684 subsistant

313 1712 346 1740 et
361 1712 532 1740 serventur
549 1705 704 1745 exactius,
726 1705 923 1749 apostolicae
945 1705 1058 1739 contir-

314 1759 466 1792 mationis
491 1764 623 1792 nostrae
656 1758 839 1802 patrocinio
865 1758 1056 1792 communiri

313 1823 518 1856 summopere
537 1812 719 1845 desiderett
745 1823 812 1852 nos,
835 1812 939 1855 ipsum
965 1811 1057 1845 Nico-

313 1867 400 1900 laum
426 1866 578 1910 specialis
613 1865 720 1898 favore
754 1866 873 1907 gratiae
900 1864 1055 1908 prosequi

312 1922 482 1960 volentes,
507 1925 539 1953 et
563 1930 580 1952 a
605 1919 772 1963 quibusvis
799 1919 1057 1952 excommunica-

314 1974 422 2014 tionis,
456 1972 681 2016 suspensionis
707 1978 737 2005 et
763 1972 945 2011 interdicti,
970 1972 1057 2005 aliis-

314 2038 377 2072 que
404 2026 635 2060 ecclesiasticis
657 2026 837 2065 sententiis,
857 2026 1004 2058 censuris
1026 2032 1058 2059 et

313 2080 449 2124 poenis,
475 2091 492 2112 a
525 2079 594 2112 iure
620 2080 670 2112 vel
697 2078 737 2111 ab
771 2079 916 2118 homine,
942 2079 1055 2123 quavis

315 2133 488 2167 occasione
505 2133 555 2165 vel
582 2135 677 2166 causa
702 2133 784 2173 latis,
805 2132 830 2165 si
850 2132 966 2176 quibus
982 2143 1059 2176 quo-

314 2187 498 2221 modolibet
516 2187 690 2220 innodatus
712 2186 829 2227 existit,
848 2186 887 2219 ad
907 2185 1056 2219 effectum

321 2241 545 2285 praesentium
572 2241 737 2274 dumtaxat
769 2241 1056 2283 consequendum,

314 2295 431 2328 harum
456 2293 540 2327 serie
581 2295 792 2327 absolventes
817 2298 850 2326 et
874 2294 1057 2327 absolutum

314 2348 385 2382 sore
400 2353 584 2390 censentes,
604 2347 901 2392 supplicationibus
920 2347 988 2380 eius
1005 2358 1058 2381 no·

315 2401 402 2435 mine
429 2401 524 2435 nobis
542 2411 641 2445 super
661 2402 725 2434 hoc
750 2401 921 2434 humiliter
946 2411 1058 2445 porre-

316 2455 375 2488 ctis
400 2455 565 2496 inclinati,
593 2456 726 2489 decreta
750 2455 960 2499 praeinserta‚
987 2465 1059 2488 cum

317 2509 468 2542 omnibus
495 2509 681 2553 etsingulis
706 2510 738 2542 in
765 2510 809 2542 eis
836 2509 1001 2542 contentis
1028 2514 1060 2542 et

318 2562 490 2606 expressis,
510 2563 704 2597 auctoritate
729 2563 921 2607 apostolica,
944 2568 1058 2597 tenore

318 2616 549 2660 praesentium,
574 2617 805 2650 confirmamus
837 2622 869 2650 et
897 2616 1060 2660 approba-

318 2679 402 2711 mus,
416 2668 548 2713 illisque
566 2670 765 2705 inviolabilis
790 2670 992 2715 apostolicae
1011 2670 1060 2703 fir-

1096 309 1215 342 mitatis
1248 309 1350 342 robur
1374 309 1566 349 adiicimus,
1601 320 1635 342 ac.
1670 319 1782 343 omncs
1806 315 1839 343 et

1096 363 1245 406 singulos
1263 363 1341 395 iuris
1359 368 1390 396 et
1410 363 1480 395 l'acti
1501 363 1658 403 desectus,
1674 363 1698 395 si
1718 363 1769 406 qui
1789 364 1839 395 de-

1096 426 1195 459 super
1217 415 1466 459 quomodolibet
1493 415 1742 457 intervenerint,
1764 427 1839 459 snp-

1096 470 1234 512 plcmus.

1139 523 1153 566 ξ
1178 522 1209 556 3.
1237 523 1469 562 Decet-nentes,
1492 522 1621 555 casdem
1648 527 1839 565 praesentes
1880 535 1998 558 numano.

1097 576 1219 609 litteras
1244 587 1376 620 semper
1395 575 1517 617 firmas,
1541 576 1663 609 validas
1685 581 1716 608 et
1734 575 1841 608 effica-

1097 640 1149 662 ces
1176 629 1316 662 existere
1342 636 1373 662 et
1399 630 1479 670 t‘orc,
1507 640 1649 673 suosque
1675 628 1841 672 plenarios

1098 689 1128 716 ct
1153 683 1300 726 integros
1328 683 1460 716 effectus
1483 683 1592 717 sortiri
1619 688 1652 716 et
1677 683 1840 723 obtinere,

1098 748 1133 770 ac
1158 737 1235 775 illis,
1254 737 1292 770 ad
1312 748 1394 780 quos
1412 742 1536 780 spectat
1563 742 1594 769 et
1614 748 1673 781 pro
1693 741 1842 780 tempore

1098 791 1266 834 spectabit,
1288 791 1320 823 in
1348 791 1500 823 omnibus
1519 795 1549 823 et
1570 801 1629 833 per
1646 790 1755 823 omnia
1773 790 1841 833 ple-

1099 844 1230 877 nissime
1256 843 1440 887 suffragari,
1468 848 1497 878 et
1522 845 1562 877 ab
1588 844 1633 877 eis
1658 843 1842 887 respective

1099 897 1332 930 inviolabiliter
1357 898 1546 938 observari,
1568 898 1682 941 sicque
1700 897 1732 929 in
1750 907 1844 940 prae-

1099 952 1203 984 missis
1229 962 1287 996 per
1312 963 1536 996 quoscumque
1562 951 1685 985 iudices
1712 951 1843 984 ordina-

1099 1005 1164 1038 rios
1183 1011 1213 1038 et
1234 1006 1412 1048 delegatos,
1433 1005 1528 1038 etiam
1548 1015 1717 1038 causarum
1733 1003 1842 1048 palatii

1099 1059 1269 1102 apostolici
1295 1059 1480 1099 auditores,
1507 1059 1640 1091 iudicari
1660 1064 1689 1091 et
1715 1057 1843 1091 definiri

1100 1113 1232 1153 debere,
1267 1124 1304 1146 ac
1329 1113 1458 1146 irritum
1484 1118 1515 1146 et
1540 1113 1635 1145 inane
1655 1139 1662 1153 ,
1691 1112 1716 1145 si
1750 1122 1844 1144 secus

1100 1177 1199 1210 super
1224 1167 1275 1199 his
1294 1177 1310 1199 a
1329 1177 1504 1210 quoquam,
1523 1166 1634 1210 quavis
1653 1165 1843 1198 auctoritate

1099 1221 1242 1254 scienter
1265 1221 1315 1254 vel
1353 1221 1565 1263 ignoranter,
1599 1218 1773 1262 contigerit
1799 1223 1844 1251 at-

1102 1275 1229 1308 tentari.

1144 1330 1158 1372 ἓ
1183 1329 1214 1361 lt.
1241 1328 1311 1362 Non
1338 1328 1543 1361 obstantibus
1570 1327 1780 1372 praemissis,
1807 1337 1843 1360 ac

1101 1382 1392 1415 constitutionibus
1419 1387 1451 1415 et
1479 1381 1743 1415 ordinationibus
1768 1391 1845 1424 apo-

1100 1435 1238 1476 stolicis,
1264 1446 1391 1468 necnon
1418 1441 1578 1479 (piatenus
1603 1445 1686 1479 opus
1713 1434 1761 1474 sit,
1788 1434 1845 1467 Or-

1101 1489 1184 1522 dinis
1206 1489 1449 1532 provinciarum
1471 1494 1502 1522 et
1519 1494 1696 1522 conventus
1715 1487 1845 1532 praedi-

1101 1548 1226 1575 ctorum
1252 1542 1348 1575 etiam
1377 1542 1573 1582 iuramento,
1596 1541 1845 1575 confirmatione

1101 1596 1293 1639 apostolica,
1314 1597 1364 1629 vel
1391 1596 1504 1640 quavis
1527 1595 1679 1628 firmitate
1707 1595 1769 1628 alia
1793 1603 1846 1628 ro—

1101 1649 1239 1690 boratis,
1258 1649 1386 1681 statutis
1406 1655 1438 1681 et
1459 1648 1761 1689 consuetudinibus,
1779 1648 1847 1692 pri-

1100 1703 1228 1745 vilegiis
1255 1713 1396 1746 quoque,
1414 1702 1549 1736 indultis
1576 1707 1609 1735 et
1632 1702 1750 1735 litteris
1768 1712 1846 1745 apo-

1101 1757 1223 1790 stolicis
1264 1757 1296 1789 in
1338 1756 1538 1789 contrarium
1585 1755 1845 1799 praemissorum

1101 1810 1354 1854 quomodolibet
1385 1809 1560 1850 concessis,
1589 1808 1790 1843 confirmatis
1814 1814 1847 1842 et

1101 1863 1284 1903 innovatis,
1316 1863 1434 1907 quibus
1460 1863 1612 1896 omnibus
1638 1866 1669 1897 et
1692 1862 1843 1906 singulis,

1101 1917 1232 1950 illorum
1252 1922 1383 1950 tenores
1408 1916 1636 1960 praesentibus
1660 1927 1720 1960 pro
1745 1917 1844 1960 plene

1102 1975 1133 2003 et
1158 1970 1357 2003 sufficienter
1387 1969 1551 2014 expressis
1580 1981 1616 2003 ac
1640 1970 1680 2003 ad
1709 1970 1845 2003 verbum

1101 2023 1234 2055 insertis
1260 2023 1433 2064 habentes,
1456 2023 1521 2056 illis
1548 2023 1626 2056 alias
1653 2023 1685 2055 in
1711 2034 1769 2056 suo
1794 2033 1846 2056 ro—

1101 2077 1182 2110 bore
1201 2077 1433 2120 permansuris,
1460 2077 1499 2109 ad
1525 2077 1779 2120 praemissorum
1800 2077 1845 2110 es-

1102 2130 1234 2171 sectum‚
1263 2130 1323 2163 hac
1353 2130 1423 2163 vice
1449 2130 1628 2171 dumtaxat,
1654 2130 1845 2173 specialiter

1102 2189 1134 2217 et
1161 2195 1313 2228 expresse
1341 2184 1552 2227 derogamus3
1572 2184 1757 2228 ceterisque
1774 2194 1846 2218 eon·

1103 2237 1211 2270 trariis
1230 2237 1504 2281 quibuscumque.

1144 2291 1259 2324 Datum
1284 2291 1417 2333 Romae,
1439 2292 1523 2335 apud
1549 2291 1580 2325 S.
1600 2291 1731 2325 Mariam
1750 2290 1846 2325 Maio·

1102 2355 1189 2385 rem,
1217 2345 1277 2378 sub
1303 2346 1426 2378 annulo
1452 2346 1629 2379 piscatoris
1648 2373 1655 2387 ,
1689 2345 1741 2379 die
1766 2354 1845 2379 xxm

1102 2399 1228 2442 augusti
1264 2409 1457 2441 nincxcv1n‚
1491 2399 1702 2444 pontificatus
1740 2399 1844 2432 nostri

1102 2463 1189 2486 anno
1214 2463 1282 2488 vm.

1139 2516 1198 2544 Dat.
1215 2516 1260 2545 die
1276 2517 1310 2545 23
1330 2517 1437 2554 augusti
1461 2517 1540 2552 1698,
1562 2516 1661 2553 pontis.
1682 2524 1754 2544 anno
1769 2521 1824 2543 viu.

1738 251 1802 285 8-'15
1849 260 1898 287 An.
1920 260 1950 287 C.
1971 261 2036 287 ¹⁶98

1883 1339 1896 1359 C
1912 1340 2040 1360 nimiarum

1856 1366 1898 1387 dcc.
1909 1370 1973 1392 gatto.
