2254 3225
214 234 260 260 An.
276 233 305 259 C.
325 231 388 258 ¹697

242 615 302 635 Itu-to
312 615 397 634 decreto

216 642 339 662 emilii-mata
361 640 399 660 [uit

216 671 319 688 sententia
336 673 348 687 a
367 672 398 687 ιιι-

216 696 298 714 dicibus
314 694 397 717 delega-

216 725 241 740 ιη
258 721 339 747 prolata
360 726 399 740 cir·

216 755 240 767 c..
257 749 334 768 dictum
357 748 399 766 rul-

218 777 259 794 tun·
283 777 304 793 et.
328 779 399 794 rasum

217 803 333 826 extumum.

436 221 499 255 800

974 223 1151 249 BULLAMUM
1178 223 1194 246 R
1200 222 1261 247 om
1267 223 1330 247 Nm!

1924 224 1975 249 Λη.
1995 225 2021 249 (3.
2041 225 2105 251 1097

405 286 619 323 personarum
653 285 719 310 non
755 274 860 308 minus
892 272 1019 307 virtutis
1047 281 1142 316 quam
1184 276 1280 316 cepto
1315 281 1333 304 a
1368 271 1507 305 decretis
1545 271 1646 304 felicis
1685 271 1920 304 recordationis

406 330 486 374 regii
511 328 661 363 culminis
692 327 871 373 splendore
895 325 1143 371 conspicuarum

406 390 477 419 vota
501 384 679 428 postulant,
705 387 738 416 et
761 390 820 415 nos
844 380 883 414 ad
908 378 1143 423 omnipotentis

406 438 463 471 Dei
483 437 630 481 gloriam,
648 434 879 478 Ecclesiaeque
899 437 1028 467 sanctae
1047 431 1143 465 decus

408 496 504 535 atque
520 489 778 524 aedificationem
794 486 949 531 expedire
963 485 996 518 in
1008 484 1144 518 Domino
1164 495 1166 501 ¹

1165 536 1299 580 :eisque
1332 536 1418 569 serio
1450 541 1483 569 et
1507 536 1684 578 diligenter
1715 535 1866 569 discussis
1892 542 1923 569 et

452 598 466 642 ἓ
490 597 522 631 1.
549 597 625 630 Cum
642 595 752 638 itaque
770 602 887 637 nuper,
903 601 1023 634 nempe
1042 589 1092 624 die
1110 599 1146 623 111
1166 594 1167 605 ¹

408 545 615 578 arbitramur.

410 649 567 684 currentis
592 648 713 682 mensis
739 645 876 689 augusti,
896 644 929 677 in
946 645 1039 676 causa
1055 642 1147 676 Tole-

411 709 484 737 tana
499 700 747 736 beatificationis
765 704 797 732 et
812 695 1068 732 canonizationis
1085 705 1148 727 ser-

412 768 468 790 vae
493 756 549 789 Dei
573 753 688 788 Mariae
719 754 757 786 de
782 751 915 795 Capite,
939 750 1035 792 vulgo
1061 748 1148 781 della

412 811 550 845 Cavezza
574 812 790 850 nuncupatae,
816 804 934 845 uxoris,
961 803 1036 836 dum
1060 801 1147 842 vixit,

411 863 514 897 sancti
528 861 645 896 Isidori
664 860 834 903 agricolae,
854 859 892 891 ad
907 857 1015 891 enixas
1033 865 1147 899 preces

410 915 570 950 carissimi
603 914 636 947 in
660 912 807 946 Christo¹
829 911 887 945 filii
912 909 1014 943 nostri
1043 908 1147 942 Caroli

410 969 639 1014 Hispaniarum
664 967 749 1009 regis
774 964 937 1004 catholici,
957 974 993 996 ac
1021 961 1149 996 carissi-

411 1034 481 1057 mae
507 1023 540 1055 in
558 1022 686 1055 Christo
706 1020 791 1053 filiae
810 1023 939 1052 nostrae
952 1016 1148 1055 Marfflnnae,

411 1076 597 1110 earumdem
618 1073 845 1117 Hispaniarum
865 1070 996 1113 reginae
1015 1069 1150 1102 catholi-

411 1141 476 1171 cae,
503 1129 571 1163 eius
595 1127 713 1166 uxoris,
740 1124 970 1159 accedentibus
997 1122 1092 1155 etiam
1117 1122 1149 1154 in

411 1183 443 1216 id
459 1180 753 1226 supplicationibus
767 1176 1001 1212 venerabilium
1015 1175 1150 1208 fratrum

411 1235 732 1279 archiepiscoporum
766 1237 799 1265 et
823 1231 1051 1274 episcoporum
1077 1238 1150 1261 nec-

413 1300 479 1323 non
503 1288 696 1322 dilectorum
729 1285 869 1319 filiorum
894 1287 1063 1316 senatuum
1092 1291 1150 1314 seu

413 1342 658 1385 magistratuum
683 1338 896 1382 plurimarum
913 1335 1075 1369 civitatum
1100 1345 1151 1368 re-

413 1405 550 1439 gnorum
580 1392 829 1436 Hispaniarum,
854 1389 1047 1434 praesertim
1073 1398 1150 1420 vero

414 1449 546 1482 senatus
572 1457 627 1480 seu
652 1444 861 1488 magistratus
887 1442 999 1487 oppidi
1024 1440 1151 1474 Madriti

413 1502 587 1536 Toletanae
625 1498 802 1538 dioecesis,
829 1502 861 1531 et
884 1497 924 1530 ad
959 1496 1091 1529 iteratas
1116 1505 1153 1527 ac

415 1555 582 1599 supplices
608 1551 774 1585 instantias
801 1548 1000 1584 dilectissimi
1025 1548 1083 1581 filii
1101 1548 1152 1581 Al-

415 1608 534 1653 phonsi
559 1607 599 1640 de
623 1605 788 1644 Torralba,
807 1603 951 1637 eiusdem
976 1601 1082 1635 Caroli
1104 1611 1153 1634 re-

417 1662 465 1706 gis
489 1662 522 1694 in
546 1660 691 1693 Romana
715 1657 808 1691 Curia
828 1656 954 1699 agentis
978 1666 1033 1688 seu
1057 1665 1153 1698 nego-

418 1715 536 1748 tiorum
561 1712 718 1756 gestoris,
744 1721 780 1744 ac
804 1720 917 1743 causae
941 1707 1154 1742 beatificatio-

417 1768 467 1801 nis
500 1777 556 1800 seu
588 1763 844 1798 canonizationis
878 1761 1065 1795 huiusmodi
1097 1771 1155 1804 po-

417 1819 597 1859 stulatoris,
615 1817 822 1861 reproposito
843 1815 877 1848 in
894 1814 1154 1858 Congregatione

417 1872 652 1907 venerabilium
667 1871 802 1903 fratrum
817 1873 1005 1902 nostrorum
1019 1867 1051 1900 S.
1064 1867 1101 1900 R.
1119 1867 1152 1900 E.

419 1926 631 1962 cardinalium
646 1923 747 1957 sacris
765 1922 879 1955 ritihus
897 1920 1155 1965 praepositorum

419 1990 477 2025 per
506 1979 661 2013 dilectum
692 1976 795 2010 filium
828 1981 975 2008 nostrum
1006 1974 1156 2007 Ioannem

419 2033 622 2067 Franciscum
637 2030 784 2064 eiusdem
801 2029 832 2062 S.
853 2029 889 2061 R.
907 2028 941 2061 E.
958 2027 1156 2061 cardinalem

421 2088 580 2121 Albanum
594 2089 814 2128 nuncupatum
829 2082 941 2122 dubio,
955 2082 1042 2126 quod
1056 2081 1156 2124 prius,
1177 2103 1178 2110 1

421 2151 538 2184 nempe
565 2139 615 2172 die
640 2148 697 2172 x111
722 2137 790 2170 iulii
808 2135 954 2180 proxime
980 2135 1157 2178 praeteriti,

422 2204 480 2237 per
504 2194 608 2236 ipsum
639 2192 793 2224 Ioannem
818 2189 1023 2222 Franciscum
1054 2188 1159 2221 cardi-

423 2247 528 2279 nalem
544 2272 552 2286 ,
579 2245 677 2278 dilata
702 2249 809 2276 tamen
843 2248 917 2274 tunc
942 2242 1010 2274 eius
1036 2242 1160 2274 resolu-

425 2300 524 2338 tione,
539 2297 745 2341 propositum
764 2296 865 2328 suerat
876 2322 883 2335 ‚
899 2305 938 2327 an
952 2293 1077 2327 scilicet
1090 2304 1160 2327 sen-

425 2354 545 2388 tentiae
570 2352 712 2385 iudicum
742 2352 780 2384 ab
807 2351 920 2384 eadem
945 2349 1159 2383 cardinalium

425 2405 685 2450 Congregatione
723 2404 945 2446 delegatorum
976 2402 1122 2446 prolatae
1136 2401 1158 2442 ⁹,

425 2471 522 2504 super
537 2459 621 2492 cultu
633 2458 672 2490 ab
684 2455 931 2489 immemorabili
946 2461 1088 2498 tempore
1100 2455 1159 2498 ipsi

425 2524 536 2548 servae
556 2511 612 2544 Dei
638 2511 756 2543 Mariae
782 2508 929 2542 exhibito
954 2514 985 2541 et
1005 2519 1081 2541 casu
1108 2520 1161 2541 ex-

465 2587 472 2612 l
497 2584 568 2611 Edit.
591 2582 669 2609 Mam.
691 2580 756 2615 legit
777 2579 886 2607 Christi
904 2580 942 2613 (R.
963 2580 1011 2612 τ.).

461 2629 478 2656 2
497 2628 567 2655 Edit.
588 2626 670 2653 Μαίη.
692 2624 756 2660 legit
772 2624 889 2659 prolata
909 2629 946 2657 (a.
964 2624 1014 2657 T.).

1184 324 1305 358 Urbani
1322 324 1425 368 Papae
1443 323 1507 357 VIII
1524 324 1786 368 praedecessoris
1804 324 1919 364 nostri,

1186 383 1297 411 essent
1320 378 1558 411 confirmandae
1583 377 1616 410 in
1641 387 1715 410 casu
1736 378 1821 411 etad
1847 376 1921 410 effe-

1186 435 1272 464 ctum
1301 431 1339 464 de
1365 442 1428 474 quo
1454 431 1619 473 agebatur,
1645 430 1821 473 relatisque
1845 441 1922 464 con-

1188 483 1283 516 tentis
1301 483 1333 516 in
1351 481 1576 526 processibus¹
1592 483 1734 526 desuper
1748 483 1922 523 fabricatis,

1189 589 1395 630 examinatis,
1425 588 1511 622 dicta
1534 588 1751 631 Congregatio
1774 589 1923 622 cardina-

1189 643 1278 683 lium,
1303 641 1412 675 audito
1445 641 1541 675 etiarn
1564 641 1655 684 prius
1679 641 1712 673 in
1737 640 1866 685 scriptis
1891 646 1923 674 et

1190 696 1222 729 in
1248 706 1325 729 voce
1351 695 1530 729 venerabili
1554 695 1653 728 fratre
1678 695 1840 739 Prospero
1874 705 1924 728 ar-

1190 749 1400 793 chiepiscopo
1418 748 1556 792 Myrensi
1574 752 1765 792 promotore
1782 746 1868 787 fidei,
1884 747 1924 780 de

1190 802 1377 836 huiusmodi
1395 803 1485 836 cultu
1503 800 1752 835 immemorabili
1766 806 1925 840 constare,

1190 856 1438 899 praedictasque
1471 854 1651 889 sententias
1688 853 1926 888 confirmandas

1191 919 1261 942 esse
1287 907 1459 942 censuit2:

1234 962 1250 1005 g
1273 961 1304 994 ΕΣ.
1332 962 1413 995 Ilinc
1438 967 1486 995 est
1511 961 1600 1005 quod
1625 971 1695 1001 ηοε,
1722 960 1783 1004 piis
1809 971 1844 993 ac
1871 960 1926 993 de·
1983 974 2117 995 cannense„

1192 1016 1272 1049 votis
1298 1015 1488 1049 eorumdem
1505 1014 1609 1048 Caroli
1634 1014 1720 1056 regis
1740 1019 1772 1046 et
1795 1003 2039 1049 ita1·ian-!3‡25.[¹·⁶‘·
2082 1001 2117 1021 ‘¹³³'

1192 1080 1252 1103 nae
1277 1069 1410 1112 reginae
1435 1068 1600 1112 precibus,
1621 1067 1717 1100 nobis
1741 1077 1839 1110 super
1864 1067 1926 1099 hoe

1192 1123 1359 1157 humiliter
1383 1121 1551 1166 porrectis,
1572 1120 1795 1154 favorabiliter
1820 1130 1928 1152 assen-

1192 1188 1273 1219 sum,
1299 1182 1454 1220 quantum
1479 1186 1551 1208 cum
1582 1174 1720 1208 Domino
1746 1183 1926 1217 possumus,

1192 1232 1352 1275 praebere
1378 1229 1559 1273 cupientes.
1582 1228 1745 1261 decretum
1771 1238 1788 1260 a
1813 1237 1930 1259 memo-

1194 1286 1261 1317 rata
1286 1282 1499 1317 cardinalium
1513 1280 1774 1324 Congregatione
1795 1279 1928 1319 editum,

1194 1344 1229 1371 ut
1252 1337 1446 1382 praefertur,
1460 1335 1547 1379 quod
1572 1334 1696 1368 scilicet
1713 1334 1752 1366 de
1770 1333 1858 1366 cultu
1876 1332 1932 1365 im-

1194 1390 1398 1425 memorabili
1424 1390 1529 1423 dictae
1553 1398 1665 1422 servae
1681 1387 1737 1420 Dei
1755 1386 1871 1420 Mariae
1891 1387 1930 1419 de

1194 1444 1302 1488 Capite
1323 1448 1355 1476 et
1379 1452 1453 1476 casu
1479 1447 1614 1485 excepto
1635 1452 1652 1474 a
1681 1439 1819 1474 decretis
1837 1450 1933 1483 prac-

1195 1498 1272 1531 dicti
1287 1496 1407 1530 Urbani
1426 1493 1691 1539 praedecessoris
1706 1497 1842 1533 constet,
1857 1503 1933 1536 apo-

1194 1551 1307 1584 stolica
1332 1548 1534 1588 auctoritate,
1556 1553 1668 1580 tenore
1692 1545 1929 1590 praesentium,

1195 1603 1422 1637 confirmamus
1447 1606 1478 1634 et
1495 1600 1724 1644 approbamus,
1749 1598 1863 1641 illique
1884 1597 1933 1629 in-

1196 1656 1356 1691 violabilis
1397 1654 1597 1699 apostolicae
1636 1652 1796 1685 firmitatis
1833 1651 1933 1684 robur

1196 1710 1381 1744 adiicimus:
1407 1709 1618 1741 salvatamen
1636 1715 1764 1748 semper
1788 1705 1819 1737 in
1841 1714 1935 1747 prae-

1197 1762 1305 1796 missis
1331 1760 1519 1794 auctoritate
1544 1758 1730 1803 praedictae
1755 1756 1935 1800 Congrega-

1198 1816 1295 1850 tionis
1322 1814 1547 1848 cardinalium.

1240 1870 1255 1913 ἓ
1279 1869 1311 1903 3.
1337 1869 1567 1907 Decernentes,
1590 1864 1721 1899 easdem
1745 1868 1934 1907 praesentes

1198 1924 1323 1958 litteras
1349 1932 1480 1966 semper
1505 1921 1622 1960 sirmas,
1642 1918 1765 1952 validas
1783 1923 1816 1950 et
1831 1917 1935 1950 effica-

1199 1988 1250 2011 ces
1277 1977 1415 2010 existere
1441 1979 1472 2008 et
1496 1974 1578 2014 sore,
1603 1982 1743 2015 suosque
1767 1970 1934 2015 plenarios

1200 2035 1231 2063 et
1254 2030 1402 2071 integros
1428 2026 1559 2060 effectus
1586 2024 1696 2059 sortiri
1723 2029 1754 2057 et
1774 2023 1936 2062 obtinere,

1200 2095 1235 2116 ae
1257 2083 1334 2122 illiS,
1351 2081 1390 2114 ad
1411 2091 1493 2124 quos
1517 2084 1640 2122 spectat
1664 2084 1696 2111 ct
1720 2076 1882 2121 spectabit
1903 2075 1936 2108 in

1201 2138 1341 2168 l'uturum
1358 2161 1365 2175 ,
1397 2132 1586 2176 plenissime
1611 2130 1801 2173 suffragari,
1825 2129 1935 2172 sicque

1200 2190 1233 2222 in
1258 2187 1442 2232 praemissis
1475 2195 1533 2228 per
1565 2193 1788 2227 quoscumque
1813 2182 1935 2215 iudices

1201 2240 1384 2276 ordinarios
1403 2245 1435 2273 et
1456 2239 1634 2281 delegatos,
1651 2236 1749 2270 etiam
1767 2246 1935 2268 causarum

1202 2294 1313 2339 palatii
1338 2291 1508 2337 apostolici
1534 2290 1717 2329 auditores,
1742 2288 1878 2322 iudicari
1903 2293 1936 2321 et

1203 2346 1332 2381 definiri
1357 2346 1497 2384 debere,
1518 2354 1556 2377 ac
1580 2342 1707 2375 irritum
1731 2347 1763 2375 et
1785 2341 1892 2382 inane,
1909 2341 1937 2374 si

1203 2411 1298 2434 secus
1323 2409 1422 2443 super
1446 2398 1497 2431 his
1522 2408 1539 2430 a
1563 2406 1735 2439 quoquam,
1750 2395 1860 2438 quavis
1884 2405 1939 2428 au-

1203 2454 1366 2492 ctoritate,
1386 2452 1526 2485 scienter
1549 2450 1598 2483 vel
1620 2449 1816 2492 ignoranter,
1835 2448 1939 2481 conti-

1204 2507 1289 2550 gerit
1313 2504 1476 2538 attentari.
1502 2503 1572 2536 Non
1590 2501 1792 2535 obstantibus
1817 2501 1940 2534 consti·

1972 1875 2091 1896 (ilani-ulae.

1241 2579 1251 2603 1
1274 2576 1342 2603 Male
1362 2575 1428 2602 edit.
1449 2575 1531 2601 Main.
1553 2573 1617 2608 legit
1633 2573 1767 2607 precibus
1784 2575 1826 2608 (Β.
1840 2574 1889 2606 T.)-

1239 2623 1255 2648 ⁹2
1274 2621 1371 2657 Aptius
1391 2620 1449 2656 lege
1469 2618 1611 2647 censuerit
1633 2624 1669 2653 in.
1683 2619 1732 2652 12).
