2254 3225
205 254 255 283 An.
273 256 303 284 c,
327 255 394 284 1699
440 245 505 280 904

213 1654 280 1674 Causa
293 1653 397 1673 dicturum

213 1681 345 1701 ‹tm-retusum
362 1686 397 1699 an·

213 1712 239 1728 uo
250 1712 362 1727 nummi.

400 305 479 338 teris
505 306 698 349 apostolicis
722 306 754 339 in
773 307 969 340 contrarium
988 306 1140 350 praemis-

400 369 513 391 sorum
540 360 789 402 quomodolibet
814 361 995 401 concessis,
1025 360 1141 393 contir-

399 412 492 445 matis
518 418 549 445 et
574 413 751 453 innovatis3
779 414 897 457 quibus
924 414 1076 446 omuibus
1110 419 1141 446 et

399 466 558 509 singulis,
585 466 717 499 illorum
743 473 875 500 tenores
905 467 1138 510 praesentibus

399 530 457 563 pro
472 521 568 563 plene
595 526 626 553 et
651 520 851 553 sufficienter
865 520 1028 563 expressis
1043 525 1075 552 et
1102 520 1141 552 ad

398 574 532 606 verbum
557 573 690 606 insertis
715 573 892 613 habentes,
918 572 983 605 illis
1007 573 1088 605 alias
1109 573 1140 605 in

400 638 458 660 suo
482 627 600 659 robore
633 625 876 669 permansuris,
908 625 948 658 ad
981 624 1141 667 praemis-

402 690 512 713 sorum
537 678 707 718 effectum,
747 679 807 711 hac
842 679 912 711 vice
949 678 1140 717 dumtaxat,

400 732 592 775 specialiter
617 737 648 764 et
672 741 829 774 expresse
856 731 1074 773 derogamus3
1094 741 1145 764 ce-

400 785 547 829 terisque
573 785 744 819 contrariis
772 784 1045 828 quibuscumque.

444 839 558 872 Datum
583 839 704 872 Romae
719 866 726 879 ,
744 839 829 882 apud
847 838 878 871 S.
901 838 1031 871 Mariam
1047 838 1145 871 Maio-

401 903 479 932 rem,
495 893 554 925 sub
583 893 705 926 annulo
729 891 911 933 piscatoris,
930 892 982 925 die
1005 902 1057 925 xv1
1075 891 1144 924 iulii

401 955 551 985 uncxclx,
570 945 778 989 pontificatus
799 945 905 978 nostri
924 955 1008 978 anno
1025 955 1068 978 lx.

437 1009 496 1035 Dat.
517 1008 561 1035 die
584 1008 616 1035 16
636 1008 695 1035 iulii
716 1008 802 1042 1699,
823 1007 921 1042 pontis.
942 1015 1013 1034 anno
1033 1013 1072 1034 ix.

586 1151 754 1186 ctxxxiv
781 1151 840 1195 (αι.
868 1150 960 1194 185).

405 1233 652 1276 Confirmantur
675 1233 738 1265 duo
763 1232 889 1265 decreta
920 1231 1062 1275 capituli
1092 1241 1146 1275 qe-

448 1287 573 1321 nerulis
594 1287 865 1330 Conqreqalionis
892 1285 1146 1320 Caelestinorum

449 1341 584 1375 Ordinis
609 1341 640 1374 S.
669 1341 837 1374 Benedicti
866 1341 953 1373 circa
985 1339 1144 1372 habilita-

451 1395 570 1427 tionem
604 1394 838 1437 mayistrorum
877 1393 1081 1426 novitiorum
1120 1396 1148 1425 et

447 1452 591 1492 quatuor
616 1447 767 1480 lectorum
791 1447 835 1479 ad
858 1446 1022 1479 abbatiam
1043 1446 1065 1479 ¹.

587 1528 787 1556 Innocentius
808 1529 888 1561 Papa
907 1528 970 1561 XII,

544 1574 580 1601 ad
601 1574 738 1601 futuram
758 1574 803 1601 rei
824 1573 1007 1600 memoriam.

453 1647 467 1690 ᾗ
488 1646 518 1679 1.
538 1646 662 1689 Exponi
681 1645 777 1678 nobis
795 1655 901 1688 nuper
919 1643 994 1677 fecit
1011 1644 1150 1677 dilectus

409 1700 493 1733 filius
511 1700 690 1732 modernus
714 1699 812 1731 abbas
838 1698 1000 1740 generalis
1015 1697 1151 1739 Congre-

410 1752 553 1795 gationis
574 1752 809 1784 monachorum
824 1750 1082 1784 Caelestinorum
1096 1749 1151 1782 Or-

409 1805 494 1838 dinis
521 1805 625 1837 sancti
652 1804 844 1843 Benedicti,
871 1803 957 1846 quod
994 1803 1082 1846 ipse,
1111 1803 1149 1835 ad

409 1860 567 1892 maiorem
592 1858 648 1891 Dei
675 1857 813 1900 gloriam
834 1862 866 1890 et
886 1857 990 1889 dictae
1009 1856 1151 1898 Congre-

410 1912 553 1955 gationis
579 1912 836 1950 incrementum,
862 1910 1015 1952 illiusque
1040 1919 1151 1942 mona-

410 1967 559 2007 chorum,
577 1971 613 1998 ut
637 1976 702 1999 non
720 1965 827 1997 minus
845 1965 878 1996 in
900 1962 1071 2006 religionis
1089 1962 1152 1995 vir-

411 2019 533 2052 tutibus
564 2029 659 2062 quam
691 2018 872 2051 litterarum
901 2016 1015 2049 studiis
1050 2015 1152 2058 magis

409 2073 577 2116 magisque
603 2071 786 2116 proficiant,
813 2071 1069 2110 incitamentum,
1092 2069 1153 2102 tria

411 2127 543 2160 decreta
567 2126 599 2158 in
625 2126 767 2169 capitulo
786 2125 934 2168 generali
950 2124 1056 2157 dictae
1075 2122 1154 2157 Con-

411 2180 610 2223 gregationis
635 2190 720 2212 anno
741 2187 907 2212 Mncxcvm
929 2178 1096 2211 celebrato
1114 2177 1153 2209 ab

411 2233 562 2267 omnibus
585 2233 673 2266 illius
688 2232 855 2265 vocalibus
874 2231 1084 2265 concorditer
1101 2242 1153 2265 ac-

412 2285 563 2330 ceptato*
589 2286 640 2319 edi
666 2285 805 2318 curavit:
841 2295 960 2328 nempe
992 2285 1154 2328 primum,

413 2340 501 2384 quod
521 2339 667 2381 magistri
692 2338 888 2371 novitiorum
914 2338 1058 2371 eiusdem
1072 2338 1156 2371 Con-

413 2393 613 2436 gregationis
638 2398 712 2436 post
736 2392 927 2425 sexennium
949 2392 981 2424 in
1000 2391 1155 2425 exercitio

414 2446 561 2480 muneris
593 2444 770 2488 magisterii
806 2444 1003 2477 novitiorum
1035 2445 1156 2477 liuius-

462 2537 473 2563 1
505 2535 579 2562 idem
612 2541 770 2561 concessum
799 2532 849 2560 fuit
873 2532 932 2559 aliis
958 2532 1104 2560 lectoribus
1130 2535 1156 2560 et

415 2580 588 2607 confirmatae
609 2578 818 2605 constitutiones
838 2577 871 2604 ab
892 2576 998 2604 Urbano
1009 2577 1155 2612 Vlll,con-

414 2624 490 2653 stitit.
511 2623 583 2651 edita
603 2630 725 2650 Mucxxvr
738 2645 744 2656 ,
766 2622 808 2649 die
829 2623 844 2650 8
864 2622 941 2656 iulii,
963 2622 1060 2657 pontif.
1081 2629 1118 2649 111.

450 2669 466 2698 2
486 2669 599 2699 videtur
617 2668 761 2705 legendum
780 2670 927 2703 acceptata
945 2668 984 2702 (R.
1000 2669 1048 2702 az).

983 258 1162 282 BULLARIUM
1187 258 1342 283 ROMANUM

1184 308 1272 341 modi
1298 313 1484 351 peractum,
1509 309 1680 353 privilegio
1705 309 1851 353 priorum
1872 320 1923 343 ac-

1186 363 1319 395 tualium
1350 368 1382 396 et
1411 363 1623 396 triennalium
1660 364 1845 406 gaudeant,
1883 363 1923 397 ad

1187 416 1249 448 hoc
1281 422 1314 448 ut
1334 417 1372 449 ad
1393 417 1529 459 gradum
1554 417 1750 450 abbatialem
1782 418 1822 451 de
1852 417 1923 451 iure

1187 469 1314 501 habiles
1339 470 1537 509 reddantur3
1564 470 1762 510 secundum,
1790 471 1876 514 quod
1902 471 1924 503 ii

1187 522 1339 554 monachi
1365 522 1531 565 praefatae
1555 522 1843 565 Congregationis,
1869 525 1924 567 qui

1187 583 1250 605 lam
1274 580 1487 607 memoratum
1512 585 1629 607 munus
1654 576 1833 617 magisterii
1865 588 1925 609 no-

1187 625 1338 658 vitiorum
1363 637 1423 669 per
1447 627 1611 669 integrum
1629 628 1820 661 sexennium
1839 640 1926 662 exer-

1187 677 1292 710 cuisse
1328 679 1563 721 reperiuntur,
1599 680 1715 713 eodem
1752 681 1926 724 privilegio

1188 732 1330 773 gaudere
1353 732 1511 773 debeant,
1536 738 1568 766 et
1586 733 1625 766 de
1643 734 1726 766 sacto
1745 735 1782 767 ad
1804 735 1926 768 dictum

1188 786 1325 827 gradum
1340 785 1536 819 abbatialem
1551 787 1678 820 habiles
1692 787 1774 828 sint;
1796 788 1927 821 tertium

1188 837 1352 882 denique,
1379 839 1489 882 quod,
1524 845 1656 882 praeter
1688 841 1828 874 lectores
1861 852 1930 874 mo-

1187 891 1402 925 nasteriorum
1413 892 1680 936 Congregationis
1694 894 1882 927 huiusmodi
1895 894 1929 927 in

1188 945 1384 988 quibusdam
1411 946 1513 979 felicis
1538 947 1774 980 recordationis
1807 947 1928 980 Urbani

1188 998 1247 1031 PP.
1274 999 1339 1032 VIII
1369 1000 1631 1043 praedecessoris
1666 1001 1772 1034 nostri
1808 1000 1928 1034 litteris

1188 1052 1440 1093 nominatorum,
1466 1054 1609 1087 lectores
1635 1054 1772 1087 aliorum
1790 1059 1931 1097 quatuor

1189 1107 1313 1140 scilicet
1337 1106 1369 1140 S.
1397 1107 1515 1140 Mariae
1538 1108 1578 1140 de
1615 1107 1784 1150 Corropoli
1800 1134 1808 1148 ‚
1833 1112 1864 1140 et
1888 1107 1928 1141 de

1189 1159 1358 1199 Casaluce,
1374 1170 1409 1193 ac
1423 1159 1454 1193 S.
1471 1160 1712 1194 Bartholomaei
1730 1160 1930 1200 Lucerensis‚

1190 1223 1317 1246 necnon
1351 1213 1383 1246 S.
1422 1214 1580 1257 Stephani
1613 1213 1828 1247 Bononiensis
1862 1223 1932 1246 mo-

1190 1267 1407 1300 nasteriorum
1448 1266 1594 1299 eiusdem
1633 1265 1905 1309 Congregationis
1921 1292 1930 1306 ,

1191 1321 1246 1364 qui
1289 1322 1338 1354 vel
1379 1320 1613 1364 philosophiae
1656 1321 1705 1353 vel
1744 1319 1932 1362 theologiae

1191 1374 1407 1407 scholasticae
1436 1375 1593 1407 lecturam
1625 1373 1658 1405 in
1695 1379 1836 1416 quatuor
1864 1383 1934 1405 mo-

1192 1427 1342 1460 nasteriis
1358 1426 1546 1459 huiusmodi
1560 1436 1619 1470 per
1633 1426 1806 1459 duodecim
1833 1436 1934 1459 anno-

1193 1492 1262 1514 rum
1274 1481 1412 1524 spatium
1427 1480 1643 1521 exercuerint,
1660 1481 1745 1514 dicto
1759 1480 1933 1524 privilegio

1192 1535 1339 1579 priorum
1370 1534 1544 1567 actualium
1579 1539 1612 1566 et
1645 1533 1856 1566 triennalium
1891 1533 1934 1566 si-

1192 1588 1314 1621 militer
1338 1587 1529 1630 gaudeant,
1556 1597 1592 1620 ac
1617 1586 1714 1619 etiam
1739 1587 1779 1620 ad
1804 1585 1934 1629 praedi—

1193 1647 1279 1674 ctum
1305 1641 1441 1684 gradum
1466 1640 1661 1674 abbatialem
1687 1640 1727 1673 de
1763 1639 1834 1673 iure
1869 1640 1931 1673 ha-

1193 1695 1276 1728 biles
1302 1695 1453 1728 existant.

1237 1749 1252 1792 §3
1276 1749 1308 1782 2.
1336 1748 1414 1781 Cum
1441 1752 1562 1787 autem,
1588 1747 1671 1780 sicut
1696 1746 1811 1780 eadem
1837 1756 1936 1789 expo-

1193 1802 1267 1835 sitio
1283 1801 1512 1843 subiungebat,
1530 1801 1634 1834 dictus
1653 1801 1753 1833 abbas
1773 1800 1937 1843 generalis

1195 1857 1324 1889 decreta
1350 1855 1565 1895 huiusmodi,
1590 1865 1654 1898 quo
1684 1853 1808 1887 firmius
1834 1854 1937 1887 subsi-

1194 1914 1279 1942 stant
1304 1914 1336 1941 et
1360 1913 1529 1941 serventur
1553 1910 1713 1947 exactius,
1737 1908 1937 1950 apostolicae

1195 1961 1455 1995 confirmationis
1481 1966 1612 1993 nostrae
1637 1960 1822 2003 patrocinio
1854 1971 1939 1994 com-

1195 2015 1313 2049 muniri
1339 2025 1544 2058 summopere
1563 2014 1740 2047 desideret:
1756 2025 1823 2054 nos,
1837 2014 1937 2057 ipsius

1196 2069 1322 2103 abbatis
1347 2069 1512 2111 generalis
1531 2068 1614 2101 votis
1642 2068 1702 2100 hac
1719 2068 1751 2100 in
1773 2078 1818 2108 re,
1837 2079 1939 2110 quan-

1197 2129 1264 2156 tum
1279 2134 1351 2156 cum
1370 2123 1507 2156 Domino
1521 2132 1705 2165 possumus,
1720 2121 1940 2155 favorabiliter

1197 2187 1342 2210 annuere
1366 2177 1513 2210 volentes
1531 2203 1538 2216 ,
1565 2186 1706 2218 eumque
1731 2186 1748 2207 a
1773 2175 1939 2218 quibusvis

1198 2228 1560 2268 excommunicationis,
1587 2227 1813 2271 suspensionis
1839 2232 1871 2259 et
1896 2227 1940 2259 in-

1199 2283 1337 2324 terdicti,
1352 2283 1489 2326 aliisque
1508 2281 1738 2315 ecclesiasticis
1760 2280 1938 2320 sententiis,

1199 2337 1347 2370 censuris
1373 2341 1405 2369 et
1429 2336 1567 2379 poenis,
1593 2345 1610 2368 a
1634 2334 1706 2367 iure
1731 2334 1781 2366 vel
1807 2333 1846 2366 ab
1882 2333 1939 2365 ho-

1199 2391 1297 2431 mine,
1324 2390 1434 2433 quavis
1460 2388 1631 2422 occasione
1655 2388 1705 2420 vel
1730 2388 1823 2418 causa
1841 2386 1914 2419 latis
1930 2412 1939 2426 ,

1199 2445 1224 2478 si
1251 2445 1368 2488 quibus
1397 2442 1647 2486 quomodolibet
1671 2440 1844 2473 innodatus
1875 2439 1942 2472 exi-

1200 2499 1269 2539 stit,
1297 2498 1336 2531 ad
1359 2497 1509 2530 ell'ectum
1535 2494 1755 2539 praesentium
1774 2493 1943 2526 dumtaxat

1201 2551 1480 2595 consequendum,
1503 2549 1617 2581 harum
1632 2547 1714 2580 serie
1733 2547 1940 2580 absolventes

1201 2612 1232 2639 et
1257 2605 1442 2638 absolutum
1466 2603 1535 2635 fore
1560 2605 1751 2641 censentes,
1783 2600 1942 2644 supplica-

1200 2659 1344 2693 tionibus
1370 2657 1439 2692 eius
1461 2654 1594 2690 nomine
1618 2653 1713 2688 nobis
1748 2663 1846 2699 super
1877 2653 1942 2686 hoo

1932 262 1981 288 Αη.
2002 261 2029 289 C.
2049 261 2120 290 1699

1996 1763 2131 1785 Confirmatio

1948 1792 2037 1811 dum-um
2057 1790 2131 1810 decre-

1949 1821 2015 1837 torum
2028 1823 2051 1837 ex
2065 1816 2131 1836 tribus

1949 1845 2021 1864 relatis
2032 1849 2079 1863 cum
2088 1848 2132 1862 mo-

1947 1872 2054 1891 deratione
2062 1869 2133 1896 quoad

1948 1898 2072 1919 secuudum.
