2254 3225
156 266 206 294 An.
224 266 251 293 c.
275 266 340 293 ¹697
388 256 450 290 798

183 2337 213 2359 Ac
227 2337 260 2359 ins
273 2337 339 2358 norni-

157 2365 222 2386 nandi
251 2364 278 2384 aul
310 2364 340 2384 di-

158 2393 213 2412 ctam
228 2391 340 2411 ecclesiam

157 2419 203 2444 regi
217 2417 327 2438 Franctae.

346 314 534 357 praemissis
559 319 591 348 et
614 315 699 349 circa
717 325 754 349 ea
768 315 1081 360 quomodolibetne-

347 368 493 402 cessariis
512 374 544 402 et
564 369 767 414 opportunis,
787 380 1009 413 quaecumque
1024 374 1081 402 sta-

347 426 424 463 tuta,
450 422 692 464 ordinationes,
717 424 857 467 capitula
883 428 914 456 et
938 424 1079 461 decreta,

346 473 435 507 licita
460 480 566 509 tamen
592 481 625 509 et
650 477 787 509 honesta
807 481 838 509 et
861 475 960 508 sacris
988 485 1082 507 eano-

346 527 442 561 nibus
466 529 658 572 praesertim
682 539 758 562 vero
790 528 924 562 Concilii
949 528 1082 560 Triden-

346 579 405 613 tini
425 581 564 615 decretis
590 587 621 615 et
644 580 931 615 constitutionibus
956 584 1082 623 aposto-

346 633 418 666 licis
442 645 506 668 non
531 634 704 674 contraria,
720 633 880 666 condendi
903 638 934 666 et
954 631 1080 672 edendi,

347 696 384 720 ac
409 687 536 720 condita
556 692 587 720 et
612 687 698 720 edita
718 697 777 730 pro
806 691 950 728 tempore
977 689 1008 717 et
1031 694 1082 717 re-

347 749 418 772 rum
444 740 597 773 varietate
627 745 657 772 et
681 739 833 782 qualitate
858 737 1021 778 mutandi,
1046 737 1082 769 li-

346 792 492 833 mitandi,
518 792 729 836 corrigendi,
756 791 959 832 declarandi,
985 791 1084 824 inter-

346 846 496 889 pretandi
530 851 561 879 et.
585 846 619 879 in
644 846 815 879 meliorem
840 846 975 879 sormam
1001 844 1084 877 redi-

347 898 454 941 gendi,
481 909 537 932 seu
563 899 625 932 alia
649 899 688 932 de
713 910 795 932 novo
821 899 917 932 etiam
942 909 979 931 ex
1002 898 1083 931 inte-

347 962 405 994 gro
430 952 594 985 condendi
620 958 651 985 et
675 952 807 993 edendi,
835 957 866 985 et
884 962 941 995 per
958 961 1024 991 eos,
1043 951 1082 983 ad

347 1015 429 1047 quos
455 1015 513 1048 pro
532 1011 678 1049 tempore
699 1005 868 1049 spectabit,
886 1005 945 1037 sub
966 1004 1082 1048 poenis

347 1056 376 1087 in
404 1058 685 1091 contravenientes
708 1057 898 1097 statuendis,
916 1055 1083 1090 observari

348 1110 495 1151 faciendi,
511 1112 650 1154 plenam,
666 1110 802 1144 liberam
817 1115 847 1143 et
862 1110 1083 1143 omnimodam

346 1163 527 1196 facultatem
554 1164 649 1196 etiam
674 1163 881 1197 concedimus
911 1168 943 1196 et
966 1163 1084 1206 impar-

348 1216 455 1249 timur.
482 1217 613 1250 Necnon
638 1217 803 1260 episcopo,
830 1223 866 1249 ut
890 1217 1082 1259 praefertur,

347 1280 383 1302 ac
408 1269 579 1312 dignitates
605 1270 635 1303 in
662 1270 826 1313 praedicta
851 1269 989 1302 ecclesia
1014 1269 1084 1302 Ble-

347 1322 436 1354 sensi
462 1322 696 1362 obtinentibus,
721 1333 756 1354 ac
781 1322 923 1365 capitulo
945 1327 976 1354 et
991 1331 1084 1354 cano·

347 1374 427 1408 nicis
458 1376 602 1409 eiusdem
635 1376 806 1415 ecclesiae,
829 1375 968 1418 aliisque
1000 1374 1084 1417 capi-

349 1429 408 1461 tuli
434 1434 465 1461 et
489 1428 646 1461 ecclesiae
672 1428 858 1461 huiusmodi
884 1428 1032 1470 personis
1054 1433 1085 1460 et

348 1482 504 1514 ministris
529 1492 589 1525 pro
619 1486 767 1525 tempore
792 1482 1024 1522 existentibus,
1050 1487 1085 1513 ut

349 1535 499 1567 omnibns
525 1540 556 1567 et
576 1534 712 1577 singulis
729 1535 920 1578 privilegiis,
942 1535 1084 1567 immuni-

350 1587 467 1619 tatibus
484 1613 492 1627 ,
533 1587 817 1630 exemptionibus,
857 1587 1083 1627 libertatibus,

348 1640 627 1683 praeeminentiis,
647 1640 890 1683 praerogativis,
909 1640 1086 1674 concessio-

350 1693 453 1733 nibus,
473 1694 690 1733 facultatibus,
713 1693 859 1734 indultis,
876 1694 1037 1726 favoribus
1055 1698 1086 1725 et

349 1746 478 1789 gratiis,
499 1746 618 1789 quibus
637 1746 690 1778 alii
717 1745 876 1788 praesati¹
899 1752 930 1779 et
950 1747 1086 1778 aliarum

350 1798 563 1832 ecclesiarum
589 1798 762 1841 dignitates
792 1798 978 1832 obtinentes
1003 1799 1087 1842 capi-

350 1853 416 1885 tula
441 1857 473 1885 et
504 1852 671 1892 canonici,
698 1852 846 1895 aliaeque
883 1851 1026 1884 civitates
1056 1857 1087 1884 et,

349 1905 538 1945 dioeceseS,
571 1915 607 1938 ac
632 1915 747 1938 eorum
773 1905 851 1938 cleri
869 1932 876 1946 ‚
904 1905 1030 1938 incolae
1056 1910 1087 1938 et

348 1958 560 1998 habitatores,
587 1968 764 2001 eorumque
784 1968 834 1991 res
860 1964 892 1991 et
917 1959 1003 1991 bona
1028 1959 1087 1990 sru·

348 2016 466 2051 untur,
491 2011 662 2054 potiuntur
697 2015 728 2043 et
757 2011 913 2053 gaudent,
941 2022 996 2044 seu
1022 2011 1085 2051 uti,

347 2063 417 2104 frui,
443 2064 541 2107 potiri
575 2068 608 2096 et
644 2064 786 2105 gaudere
811 2070 950 2107 possunt
974 2071 1003 2097 ct
1028 2075 1086 2107 po-

348 2122 455 2149 terunt
480 2116 726 2160 quomodolibet
743 2116 775 2149 in
793 2117 946 2157 futurum,
961 2123 992 2150 et
1005 2128 1085 2160 quo-

347 2169 387 2202 ad
405 2169 534 2202 habitus
552 2169 758 2210 delationem,
772 2170 828 2210 uti,
846 2170 944 2213 potiri
961 2175 990 2203 et
1008 2181 1085 2214 gau-

349 2222 426 2255 dere
442 2223 544 2255 libere
577 2227 607 2256 et
631 2222 716 2256 licite
742 2224 866 2266 possint
891 2229 924 2256 et
948 2225 1084 2265 valeant,

350 2275 556 2309 concedimus
574 2281 604 2308 et
627 2274 843 2318 indulgemus.

395 2330 409 2372 ἓ
434 2328 464 2361 8.
493 2329 536 2361 Ac
558 2329 662 2361 eidem
691 2329 849 2362 Ludovico
872 2329 1003 2373 eiusque
1021 2341 1087 2364 snc-

350 2382 533 2415 cessoribus
550 2382 704 2415 Franciae
722 2382 851 2425 regibus
865 2382 998 2426 (attenta
1015 2395 1086 2428 sup-

349 2435 518 2480 pressione
550 2440 583 2468 et
603 2435 811 2482 ,extinctione
847 2436 1085 2478 praedictarum

350 2498 532 2522 mensarum
557 2487 780 2529 abbatialium,
809 2494 840 2521 et
860 2488 996 2522 earum²
1019 2490 1085 2522 sru-

388 2570 397 2595 1
416 2567 481 2595 Mate
501 2568 565 2595 edit.
587 2567 665 2595 Main.
683 2568 747 2603 legit
762 2569 814 2603 qui
834 2576 882 2603 pro
899 2569 1029 2604 praefati
1045 2569 1085 2597 vel

346 2613 493 2649 praedicti
506 2614 546 2645 (n.
563 2613 611 2645 rs).

385 2657 401 2683 2
421 2656 490 2683 Edit.
512 2656 589 2683 Main.
613 2657 676 2692 legit
697 2665 795 2685 eorum
815 2657 851 2692 (kt.
869 2657 917 2692 T.).

927 266 1106 293 BULLARIUM
1129 266 1280 291 ROMANUM

1125 321 1243 355 ctuum,
1261 325 1318 358 pro
1336 314 1410 348 dote
1436 324 1493 347 seu
1513 313 1595 347 dotis
1614 317 1706 356 parte
1732 311 1859 355 episeo-

1123 370 1218 411 patus
1248 368 1427 408 Blesensis,
1455 368 1574 400 unione
1594 366 1715 400 mensis
1740 365 1860 408 episco-

1123 421 1250 463 palibus
1278 421 1421 454 Blesensi
1454 426 1486 454 et
1517 419 1704 454 Carnotensi
1736 417 1860 462 praedi-

1124 471 1193 511 etis,
1219 472 1258 504 de
1279 482 1437 505 consensu
1457 472 1531 505 dicti
1556 469 1707 504 Ludoviei
1724 468 1808 511 regis
1826 473 1860 501 ut

1124 533 1220 566 supra
1240 523 1361 566 sactis¹)
1386 524 1435 557 ius
1462 523 1652 556 nominandi
1676 522 1717 555 ad
1742 521 1859 554 dictam

1125 576 1295 609 ecclesiam
1315 577 1513 616 Blesensem,
1531 575 1804 619 quandocumque
1829 579 1860 606 et

1125 629 1392 673 quotiescumque
1406 630 1461 663 illa
1478 629 1617 672 pastoris
1635 628 1753 661 solatio
1768 627 1861 660 desti·

1126 685 1192 714 tuta
1217 682 1325 722 suerit,
1346 683 1433 715 iuxta
1457 683 1595 715 sormam
1624 686 1656 714 et
1676 679 1862 724 dispositio-

1126 745 1199 767 nem
1214 736 1481 769 concordatorum
1498 735 1750 778 praedictorum,
1765 733 1859 767 etiam

1125 794 1285 832 perpetuo
1308 799 1520 829 reservamus,
1543 788 1752 822 concedimus
1769 792 1862 821 etas-

1127 840 1302 883 signamus.

1169 895 1183 938 g
1208 894 1239 928 9.
1259 895 1450 930 Praesentes
1467 906 1597 940 quoque
1611 896 1703 929 nullo
1719 905 1861 939 unquam

1128 951 1271 990 tempore
1297 948 1335 981 de
1356 949 1575 992 subreptionis
1591 950 1641 982 vel
1658 947 1860 991 obreptionis

1128 1004 1180 1031 aut
1204 1000 1362 1034 nullitatis
1389 1001 1476 1041 vitio,
1504 1011 1560 1034 seu
1588 1000 1778 1034 intentionis
1804 1010 1862 1033 no-

1127 1058 1210 1086 strae
1228 1054 1277 1086 vel
1291 1053 1403 1096 quovis
1417 1054 1479 1087 alio
1497 1054 1634 1093 defectu,
1653 1053 1750 1086 etiam
1769 1063 1805 1085 ex
1825 1063 1863 1085 eo

1127 1106 1210 1148 quod
1230 1117 1357 1147 causae,
1375 1112 1510 1151 propter
1535 1117 1614 1150 quas
1636 1106 1815 1150 praemissa
1835 1116 1864 1138 e-

1127 1165 1305 1200 manarunt,
1332 1170 1440 1193 coram
1466 1161 1561 1193 nobis
1585 1161 1633 1193 vel
1658 1160 1734 1193 alibi
1760 1158 1865 1192 verifi-

1126 1217 1214 1245 catae
1240 1218 1272 1246 et
1296 1213 1503 1256 approbatae,
1529 1224 1566 1246 ac
1594 1212 1804 1256 quicumque,
1830 1211 1864 1244 in

1127 1266 1314 1308 praemissis
1334 1266 1494 1299 interesse
1513 1267 1673 1299 habentes
1691 1276 1748 1298 seu
1763 1265 1863 1297 liabe-

1128 1329 1161 1350 re
1188 1319 1453 1361 praetendentes,
1481 1319 1520 1352 ad
1538 1319 1570 1352 id
1592 1318 1705 1358 vocati,
1728 1318 1816 1351 citati
1834 1323 1865 1350 et

1127 1371 1225 1403 auditi
1251 1382 1315 1404 non
1345 1372 1484 1412 suerint,
1517 1378 1549 1405 et
1574 1371 1761 1415 praemissis
1796 1382 1864 1404 non

1126 1425 1363 1465 consenserint,
1382 1430 1436 1458 aut
1453 1425 1515 1459 alio
1534 1426 1646 1468 quovis
1664 1425 1791 1458 defectu
1810 1435 1864 1458 no-

1127 1476 1204 1516 tari,
1230 1477 1430 1521 impugnari,
1455 1478 1645 1517 invalidari,
1672 1478 1862 1517 retractari,

1126 1529 1158 1560 in
1184 1529 1232 1561 ius
1249 1531 1298 1562 vel
1324 1531 1580 1563 controversiam
1597 1530 1717 1569 vocari,
1740 1531 1779 1563 ad
1805 1536 1865 1563 ter-

1128 1581 1232 1615 minos
1247 1582 1327 1615 iuris
1342 1583 1476 1623 reduci,2
1489 1584 1669 1616 remedium
1687 1583 1863 1626 impetrari,

1127 1636 1175 1667 vel
1201 1635 1259 1667 sub
1285 1635 1452 1679 quibusvis
1477 1637 1630 1669 similium
1648 1637 1699 1670 vel
1725 1636 1864 1669 dissimi-

1126 1687 1205 1720 lium
1231 1689 1406 1730 gratiarum
1430 1689 1709 1729 revocationibus,
1736 1699 1865 1731 suspen-

1128 1741 1284 1780 sionibus,
1310 1741 1556 1774 limitationibus
1581 1747 1635 1774 aut
1653 1741 1722 1774 aliis
1741 1747 1865 1774 contra-

1128 1794 1183 1826 riis
1209 1794 1484 1837 dispositionibus,
1511 1795 1607 1828 etiam
1628 1806 1689 1839 per
1713 1796 1867 1828 constitu-

1128 1848 1233 1880 tiones
1258 1848 1452 1891 apostolicas
1478 1854 1532 1881 aut
1552 1849 1764 1882 cancellariae
1791 1860 1863 1892 apo-

1129 1901 1261 1934 stolicae
1280 1902 1408 1944 regulas
1426 1902 1699 1945 quandocumque
1718 1902 1814 1935 etiam
1832 1902 1864 1934 in

1128 1954 1302 1987 crastinum
1324 1955 1552 1998 assumptionis
1570 1965 1795 1988 successorum
1811 1965 1865 1987 no-

1129 2013 1269 2040 strorum
1296 2007 1334 2040 ad
1359 2008 1476 2040 summi
1513 2009 1715 2052 apostolatus
1740 2008 1866 2052 apicem

1129 2063 1180 2095 vel
1206 2062 1285 2095 alias
1310 2062 1580 2105 quandocumque
1611 2063 1713 2095 editas
1731 2063 1781 2095 vel
1806 2063 1864 2094 sub

1129 2114 1296 2158 quibusvis
1323 2114 1488 2147 tenoribus
1509 2120 1540 2147 et
1564 2114 1677 2147 formis
1702 2120 1865 2147 emanatas

1130 2173 1162 2200 et
1186 2168 1219 2200 in
1244 2173 1411 2210 posterum
1436 2167 1579 2200 edendas
1604 2173 1635 2200 et
1660 2167 1865 2205 emanandas,

1129 2222 1314 2254 nullatenus
1338 2219 1583 2263 comprehendi,
1610 2220 1664 2252 sed
1683 2229 1810 2262 semper
1826 2220 1865 2251 ab

1129 2273 1192 2306 illis
1217 2278 1377 2316 exceptas,
1392 2279 1432 2314 et,
1450 2272 1575 2316 quoties
1594 2272 1801 2313 emanabunt,
1824 2277 1866 2304 to-

1131 2326 1190 2359 ties
1214 2326 1247 2359 in
1264 2326 1440 2369 pristinum
1459 2331 1490 2358 et
1503 2325 1733 2359 validissimum
1750 2330 1864 2358 statum

1130 2380 1226 2413 etiam
1257 2379 1316 2412 sub
1346 2390 1547 2423 quacumque
1586 2378 1759 2422 posteriori
1793 2378 1864 2410 data

1129 2445 1189 2477 per
1213 2444 1273 2478 pro
1300 2438 1444 2476 tempore
1470 2433 1644 2465 existentes
1662 2432 1862 2475 episcopum,

1129 2487 1316 2530 dignitates,
1342 2487 1519 2530 capitulum
1554 2492 1585 2519 et
1610 2485 1784 2518 canonicos
1810 2486 1865 2518 liu-

1166 2570 1177 2595 1
1197 2568 1243 2595 Vel
1259 2568 1317 2603 lege
1332 2568 1420 2602 sacta,
1437 2567 1476 2594 vel
1497 2568 1524 2594 in
1544 2566 1676 2602 principio
1696 2567 1866 2602 parenthesis

1129 2614 1248 2640 attentis
1269 2621 1317 2647 pro
1337 2614 1443 2639 ultrum
1465 2614 1503 2646 (u.
1518 2613 1566 2641 T.)-

1165 2659 1180 2683 “2
1198 2658 1296 2684 Dee-sse
1314 2656 1416 2682 ridetur
1432 2660 1480 2683 au(
1497 2656 1631 2682 ιιιῖιϊῑκιιω
1651 2657 1715 2682 illas
1730 2659 1765 2687 (u⁴
1783 2656 1830 2691 τ.)

1864 263 1912 289 An.
1934 262 1962 289 C.
1985 262 2047 289 ¹693

1898 910 2016 932 etaumtae.
