2227 3225
131 251 179 276 Ᾱη.
193 250 222 276 C.
247 248 313 276 1698

157 1271 212 1293 Erus
221 1271 279 1294 lium.

153 1964 234 1985 Causae·
246 1964 317 1985 ductae

133 1991 268 2013 concordi-ne.

899 244 1111 269 txuocsstx'rlt‘s
1138 245 1180 268 ΧΠ
1205 245 1251 269 ΡΡ.

323 296 419 330 tentis
442 294 498 328 Dei
526 299 558 328 et
586 294 756 327 beatorum
790 293 875 327 Petri
910 299 942 326 et
974 293 1065 326 Pauli

323 350 545 394 apostolorum
560 349 629 381 eius
648 358 682 381 se
698 349 825 380 noverit
843 347 1063 380 incursurum.

366 402 480 436 Datum
507 402 642 441 Romae,
668 401 754 445 apud
785 400 816 434 S.
841 400 974 433 Mariam
1008 400 1067 432 Ma·

320 457 445 497 iorem,
478 466 564 489 anno
607 454 844 488 lucarnationis
881 454 1066 486 dominicae

320 520 497 550 nncxcvm,
524 520 554 544 iv
580 509 651 543 idus
677 502 822 552 augusti,
855 508 1066 553 pontificatus

322 563 426 597 nostri
452 574 539 598 anno
566 574 636 598 vui.

357 625 417 653 Dat.
439 626 484 653 die
506 626 538 654 10
558 626 666 662 augusti
687 626 763 659 1698,
787 625 885 661 pontif.
902 633 974 652 auno
990 631 1049 652 viu.

638 770 766 804 CLXIII.

327 852 554 896 Confirmatio·
574 852 746 886 concordia
764 852 851 884 circa
876 850 1069 884 divisanmem

371 906 598 939 coenobiorum
638 910 665 938 et
690 906 924 938 ullermtliram
949 904 1069 946 officio-

368 969 442 992 rum
464 959 681 1002 inlersralres
698 958 886 1002 provinciae
901 956 1071 990 burbonae

369 1018 398 1046 et
430 1013 648 1056 Bttrqumliae
689 1013 825 1047 Ordinis
860 1012 1069 1045 eremitarum

369 1066 401 1100 S.
426 1067 612 1111 Auyuslini
626 1065 646 1100 ¹.

503 1146 701 1174 Innocentius
721 1147 802 1180 Papa
823 1147 892 1180 XII,

467 1193 503 1219 ad
524 1193 656 1220 futuram
678 1192 723 1219 rei
743 1192 927 1219 memoriam.

372 1264 605 1308 Redeniptoris
638 1270 669 1297 et
702 1264 825 1297 domiui
863 1264 965 1297 nostri
1000 1264 1070 1297 Iesu

327 1317 464 1357 Christi,
490 1318 545 1362 qui
572 1318 690 1351 veritas
721 1324 769 1350 est
794 1324 825 1350 et
851 1318 934 1350 Deus
959 1318 1070 1360 pacis,

326 1371 423 1411 vices,
442 1372 517 1405 licet
542 1371 705 1410 immeriti,
733 1376 884 1413 gerentes
910 1371 940 1402 in
966 1370 1069 1411 terris,

326 1437 372 1465 ea,
389 1436 471 1469 quae
486 1425 571 1457 inter
589 1424 1072 1467 christifidelesquoscumque,

326 1489 362 1512 ac
375 1479 568 1522 praesertim
585 1478 701 1511 divinis
717 1478 886 1521 obsequiis
905 1479 963 1510 sub
981 1478 1070 1510 suavi

325 1531 496 1575 religionis
523 1532 598 1574 iugo
626 1531 836 1575 mancipatos,
864 1542 945 1575 quos
971 1531 1072 1574 potis-

325 1585 442 1619 simum
468 1586 500 1618 in
521 1585 682 1618 fraternae
701 1585 871 1618 charitatis
890 1584 998 1628 quiete
1018 1596 1073 1618 vo-

327 1645 357 1672 ta
382 1649 441 1672 sun
465 1639 632 1672 Altissimo
661 1639 803 1671 reddere
829 1639 934 1678 decet,
955 1638 1073 1671 amabi-

326 1691 365 1725 lis
384 1692 580 1725 concordiae
598 1692 704 1725 studio
723 1692 859 1734 provide
879 1692 1074 1735 prudenter-

327 1756 389 1789 que
415 1751 575 1779 conventa
605 1756 677 1779 esse
704 1751 896 1785 noscuntur,
924 1751 958 1778 ut
984 1746 1073 1778 firma

327 1808 458 1842 semper
482 1803 578 1842 atque
604 1799 729 1832 illibata
762 1800 963 1842 persistant,
997 1809 1074 1842 apo-

327 1852 432 1885 stolici
457 1851 647 1885 muniminis
673 1852 777 1884 nostri
805 1852 982 1894 praesidio,
1002 1863 1073 1885 cum

328 1916 346 1938 a
370 1906 466 1938 nobis
492 1905 625 1948 petitur,
654 1905 796 1937 libenter
810 1905 1071 1938 constabilimus.

372 1961 387 2003 ἓ
408 1959 438 1992 l.
464 1959 586 2002 Exponi
614 1958 774 2002 siquidem
795 1958 890 1991 nobis
909 1969 1013 2001 nuper
1030 1959 1074 1991 fe-

328 2018 444 2046 cerunt
462 2012 569 2046 dilecti
591 2012 646 2045 filii
666 2012 782 2044 fratres
801 2012 984 2055 provinciae
1004 2011 1075 2045 Nar-

328 2065 433 2099 bonae
448 2071 478 2098 et
492 2065 697 2108 Burgundiae
715 2065 844 2098 Ordinis
863 2066 1073 2098 eremitarum

328 2120 430 2153 sancti
456 2120 648 2163 Augustini,
674 2120 772 2163 quod,
791 2130 862 2152 cum
889 2119 975 2153 dicta
1000 2130 1076 2163 pro-

327 2173 433 2206 vincia
459 2175 518 2206 sul)
544 2174 677 2207 nomine
694 2174 924 2217 religiosorum
951 2173 1075 2206 Narbo-

328 2228 481 2261 nensium
507 2233 539 2260 et
565 2228 813 2270 Burgundorum
851 2227 882 2259 in
911 2228 1097 2260 contrariai

329 2281 436 2315 studia
453 2282 679 2321 scinderetur,
696 2281 756 2324 ipsi
777 2286 989 2324 exponentes,
1010 2291 1073 2324 quo

328 2334 563 2368 controversiis
586 2334 738 2367 intereos
754 2335 828 2367 inde
845 2334 978 2374 exortis,
993 2345 1074 2378 quae

329 2398 346 2420 a
367 2393 508 2432 quatuor
526 2388 655 2421 circiter
674 2388 766 2421 antiis
783 2388 969 2432 provinciae
984 2399 1075 2431 prae-

366 2485 376 2511 ¹
401 2484 428 2511 ln
450 2485 601 2512 innocentii
622 2485 654 2512 xl
675 2489 759 2512 const.
776 2485 818 2513 ed.
842 2493 1010 2518 uochxviu,
1032 2485 1075 2512 die

329 2529 363 2555 26
385 2529 511 2559 ianuarii,
535 2531 630 2565 pontif.
652 2537 681 2561 ΙΙ,
704 2531 792 2565 agitur
813 2530 845 2556 de
865 2531 1026 2557 alternative
1047 2530 1074 2557 in

329 2574 469 2608 provincia
478 2574 615 2607 Quitensi3
631 2579 656 2602 et
674 2576 699 2602 in
715 2575 906 2602 elementisxl
924 2580 1009 2602 const.
1029 2575 1072 2602 ed.

330 2623 440 2649 nnccrv,
460 2618 504 2645 die
526 2621 556 2646 19
577 2620 681 2654 aprilis,
703 2620 798 2656 pontif.
816 2627 851 2652 iv,
866 2620 899 2649 de
914 2620 1075 2647 alternative

330 2662 356 2692 in
376 2663 517 2700 provincia
538 2663 728 2700 portugalliae.

1738 235 1800 269 8:39

1110 293 1214 327 dictae
1232 293 1372 337 quietem
1388 293 1640 337 perturbabant,
1658 293 1730 326 sinis
1750 294 1853 337 impo-

1110 352 1264 387 neretur,
1293 357 1418 390 paxque
1445 351 1476 379 et
1501 346 1718 389 tranquillitas
1746 347 1853 380 eidem

1110 400 1297 444 provinciae
1316 399 1555 440 restitueretur,
1575 410 1611 432 ac
1628 400 1774 433 restituta
1792 406 1854 433 sta-

1111 454 1268 493 biliretur,
1295 455 1371 486 curat
1397 458 1429 486 ct
1453 455 1555 497 opera
1580 453 1773 485 venerabilis
1793 454 1855 486 fra-

1112 507 1166 540 tris
1193 507 1342 541 moderni
1369 506 1609 550 archiepiscopi
1629 507 1854 549 Lugdunensis

1111 562 1150 595 ad
1170 562 1418 595 conventionem
1436 572 1493 594 seu
1510 560 1717 594 concordiam
1737 560 1856 603 (reser-

1112 621 1183 649 vato
1211 622 1316 648 tamen
1343 615 1485 659 desuper
1510 621 1621 648 nostro
1649 619 1679 647 et
1698 614 1855 657 Apostoli-

1112 680 1166 703 cae
1191 670 1282 703 Sedis
1308 669 1531 713 beneplacito)
1558 669 1644 701 inter
1661 678 1694 701 se
1714 668 1856 701 devene-

1114 729 1201 764 runt,
1228 734 1287 767 per
1312 734 1406 766 (luam
1433 722 1583 755 videlicet
1608 722 1638 754 in
1657 721 1771 765 primis
1786 721 1856 765 qui-

1113 787 1186 809 nam
1204 776 1393 820 provinciae
1409 775 1591 809 huiusmodi
1613 781 1792 809 conventus
1810 774 1857 807 in-

1113 836 1161 863 tra
1184 830 1354 863 Narbonae
1381 835 1412 863 et
1438 830 1568 873 (prinam
1600 829 1684 862 intra
1711 829 1858 871 Burgun-

1114 884 1185 917 diae
1222 884 1342 917 limites
1383 884 1633 921 contineantur,
1669 892 1704 915 ac
1739 881 1856 915 deiude

1114 938 1199 970 eirca
1231 937 1455 970 alternativam
1483 937 1567 969 inter
1593 936 1708 968 fratres
1733 935 1856 968 Narbo-

1114 1002 1230 1025 nenses
1265 997 1297 1025 et
1329 991 1523 1034 Burgundos
1557 990 1718 1034 praefatos
1748 989 1856 1033 quoad

1114 1046 1220 1079 officia
1253 1046 1354 1090 ipsius
1380 1045 1567 1089 provinciae
1602 1049 1763 1088 perpetuo
1789 1054 1857 1076 ser-

1114 1101 1261 1140 vandam,
1279 1101 1337 1133 sub
1360 1099 1492 1132 diversis
1518 1099 1669 1143 capitulis
1690 1103 1722 1131 et
1747 1097 1859 1131 condi-

1116 1153 1259 1186 tionibus
1286 1159 1480 1186 conventum
1502 1152 1571 1193 fuit,
1591 1157 1690 1196 prout
1712 1152 1858 1184 eontine-

1115 1214 1164 1240 tur
1190 1209 1220 1240 in
1248 1208 1410 1250 scriptura
1436 1207 1576 1250 desuper
1595 1208 1741 1239 emanata
1771 1212 1858 1239 tcno-

1115 1261 1158 1295 ris
1185 1262 1238 1305 qui
1265 1261 1423 1305 sequitur,
1447 1261 1623 1293 videlicet:

1164 1327 1176 1346 α
1203 1315 1403 1357 infrascripti
1418 1315 1561 1356 religiosi
1581 1314 1767 1357 provinciae
1784 1312 1856 1346 Nar-

1114 1369 1219 1402 bonae
1247 1374 1278 1401 et
1303 1368 1509 1411 Burgundiae
1525 1367 1655 1400 Ordinis
1680 1367 1780 1399 sancti
1801 1367 1858 1399 Au-

1114 1424 1255 1465 gustini,
1283 1428 1391 1466 patres
1426 1422 1551 1454 scilicet
1583 1421 1772 1454 Vincentius
1803 1421 1859 1454 La-

1116 1477 1178 1515 det,
1205 1487 1315 1509 sacrae
1342 1476 1503 1508 facultatis
1529 1475 1719 1508 Parisiensis
1746 1475 1860 1508 doctor

1118 1530 1291 1571 theologus
1317 1534 1348 1561 et
1366 1529 1513 1562 elusdem
1532 1529 1721 1572 provincme
1737 1528 1861 1571 provin-

1116 1583 1225 1621 cialis,
1259 1583 1407 1615 Andreas
1440 1582 1574 1625 Belpel,
1600 1581 1721 1625 pariter
1747 1582 1861 1614 doctor

1117 1637 1308 1670 Parisiensis
1346 1641 1379 1669 et
1415 1640 1595 1669 conventus
1631 1634 1859 1677 Lugdunensis

1117 1692 1216 1734 prior,
1243 1690 1378 1722 Iacobus
1404 1689 1606 1728 Massnbuon,
1628 1688 1861 1721 baccalaureus

1116 1746 1147 1778 in
1175 1744 1344 1786 theologia
1381 1749 1412 1776 et
1438 1743 1542 1776 dietae
1569 1742 1757 1786 provinciae
1784 1741 1861 1775 defi-

1118 1800 1213 1837 nitor,
1241 1809 1277 1831 ex
1305 1799 1370 1830 uua
1394 1803 1485 1840 parte
1512 1797 1775 1840 procurationem
1806 1796 1862 1828 ha-

1117 1853 1234 1885 bentes
1259 1862 1274 1885 a
1301 1851 1526 1895 superioribus
1552 1850 1653 1893 partis
1677 1849 1860 1889 Narbonae,

1117 1911 1148 1938 et
1166 1911 1273 1949 patres
1287 1905 1487 1948 Hyacinthus
1514 1905 1726 1944 Ducaissiere,
1745 1905 1863 1937 doctor

1118 1960 1293 2002 theologus
1330 1964 1362 1992 et
1386 1958 1509 2002 primus
1535 1958 1711 1998 definitor,
1739 1957 1862 1990 Emma-

1118 2013 1194 2046 nuel
1220 2013 1340 2051 Lebon,
1368 2012 1484 2045 doctor
1509 2012 1699 2044 Parisiensis
1721 2017 1753 2043 et
1777 2012 1863 2054 pari-

1119 2071 1167 2098 ter
1193 2066 1365 2106 delinitor,
1391 2065 1543 2098 Nicolaus
1573 2065 1612 2097 de
1638 2064 1756 2097 Montal
1774 2091 1781 2105 ,
1810 2065 1863 2098 do-

1118 2126 1187 2154 ctor
1219 2120 1396 2162 theologus
1428 2125 1460 2152 et
1484 2118 1609 2162 primus
1638 2119 1796 2158 visitator,
1824 2130 1861 2152 ex

1118 2174 1178 2207 atie
1200 2174 1323 2217 pariter
1339 2178 1430 2216 parte
1449 2173 1718 2216 procurationem
1740 2173 1862 2206 haben-

1118 2234 1165 2261 tes
1184 2239 1201 2261 a
1223 2228 1446 2271 superioribus
1462 2228 1562 2269 partis
1575 2228 1791 2269 Burgundiae,
1805 2238 1864 2270 per

1119 2282 1294 2315 admodum
1320 2282 1537 2315 reverendum
1563 2287 1690 2325 patrem
1715 2281 1863 2314 Carolum

1118 2336 1156 2368 de
1201 2335 1332 2368 Bricard
1375 2334 1633 2368 commissarium
1675 2335 1863 2377 generalem

1118 2389 1320 2432 congregati,
1347 2388 1435 2421 iuxta
1470 2389 1619 2422 ordinem
1655 2388 1715 2432 ipsi
1753 2388 1863 2421 datum

1117 2443 1156 2475 ab
1191 2442 1413 2476 illustrissimo
1450 2442 1702 2485 archiepiscopo
1737 2441 1864 2484 Lugdu-

1118 2496 1222 2535 nensi,
1241 2506 1341 2539 super
1359 2495 1456 2529 futuri
1475 2495 1607 2539 capituli
1630 2494 1862 2535 celebratione,

1119 2550 1170 2582 die
1195 2560 1273 2583 xxln
1299 2550 1420 2582 mensis
1446 2549 1574 2591 augusti
1601 2549 1677 2581 anni
1699 2558 1862 2588 nocxcvm

1119 2614 1229 2636 coram
1256 2603 1389 2636 domino
1412 2603 1660 2645 archiepiscopo
1680 2601 1711 2634 in
1731 2612 1790 2634 suo
1812 2612 1863 2645 pa-

1116 2656 1194 2691 latio
1221 2656 1506 2701 archiepiscopali,
1523 2656 1561 2689 ‹le
1583 2655 1794 2700 sequentibus
1814 2665 1859 2690 ar*

1850 246 1897 271 An.
1919 244 1946 271 C⁴
1972 244 2039 271 1698

1873 1327 1989 1347 Concor-ilia
2001 1327 2052 1346 inita

1869 1361 1923 1374 anuo
1936 1360 2040 1374 uncxcrn.
