2227 3225
126 247 173 273 Αη.
189 246 217 274 C.
241 246 307 274 1694

318 293 512 332 immediate,
538 302 575 324 ac
599 291 671 324 aliis
707 290 968 333 quibuscumque
993 289 1076 322 sor-¹

317 348 377 380 mis
401 351 433 379 et
461 345 587 385 modis,
623 343 707 377 nihil
742 343 872 386 penitus
909 341 1053 375 omisso:

317 399 535 444 praefatorum
560 396 705 431 omnium
731 395 943 430 conscientias
960 395 1056 428 desu-

317 463 376 496 per
401 457 584 485 onerantes.

139 516 306 547 amman-aa
361 507 376 550 ἓ
402 505 455 539 15.
483 505 661 549 Propterea
692 513 805 537 omnes
838 513 1055 547 quascumque

125 547 351 593 ft'fffissfi‘lllll'l-set
375 559 517 602 singulas
556 559 743 597 facultates,
777 556 987 590 auctoritates
1026 561 1057 588 et

126 596 306 622 '‘r‘wwnnnm'
318 611 573 653 iurisdictiones,
607 610 927 655 quomodocumque,
954 608 1056 652 quali-

319 671 508 709 tercumque
535 670 566 698 et
591 665 908 708 quomodocumque,
934 669 997 695 tam
1025 662 1056 694 in

319 729 440 761 genere
465 728 562 761 quam
587 717 620 750 in
645 717 767 761 speeie,
781 716 932 749 omnibus
948 721 978 748 et
994 715 1057 747 sin-

318 771 404 814 gulis
441 772 580 805 antehae
616 771 680 804 sive
718 781 805 804 nune
844 769 1056 803 existentibus

317 824 561 867 protectoribus
582 824 781 862 huiusmodi,
804 829 832 856 et
860 828 921 855 tam
947 832 1055 855 eorum

317 877 478 921 personis,
493 887 588 920 quam
603 876 727 918 gradui,
742 875 880 915 muneri,
891 875 1056 908 velofficio

317 940 490 963 concessas
523 935 555 962 et
590 929 759 962 attributas
795 930 844 962 tel
877 928 1058 961 communi-

317 988 421 1024 catas,
448 993 506 1016 seu
531 983 570 1015 ab
596 983 660 1016 illis
687 993 819 1025 quoquo
845 982 943 1015 modo
969 991 1058 1014 exer-

318 1036 386 1069 ceri
412 1042 602 1076 consuetas,
630 1036 726 1069 etiam
753 1035 884 1078 speciali
911 1040 943 1067 et
974 1034 1058 1067 indi-

318 1089 414 1122 vidua
438 1089 614 1129 mentione,
640 1088 863 1121 moderatione
888 1098 946 1120 seu
971 1098 1058 1120 revo-

319 1142 447 1175 catione
474 1142 610 1184 dignas,
637 1142 824 1175 earumdem
857 1141 1002 1173 omnium
1027 1146 1058 1173 et

319 1196 525 1237 singularum
552 1200 700 1235 tenores,
727 1205 762 1227 ac
780 1195 807 1227 si
833 1195 870 1227 de
895 1194 993 1226 verbo
1018 1195 1056 1226 ad

320 1249 455 1282 verbum
481 1249 593 1281 inserti
614 1254 733 1288 essent,
756 1259 815 1291 pro
836 1249 932 1292 plene
952 1253 982 1280 et
998 1248 1057 1280 sus-

319 1301 469 1335 sicienter
489 1301 653 1344 expressis
672 1301 839 1341 habentes,
858 1301 890 1333 in
908 1301 1057 1333 omnibus

320 1360 352 1388 et
370 1354 506 1397 singulis
525 1365 606 1398 quae
626 1355 814 1397 praemissis
836 1355 1055 1398 adversantur,

318 1408 536 1447 moderamur,
563 1407 787 1447 reformamus,
805 1413 837 1440 et
860 1407 899 1439 ad
925 1407 1055 1445 limites,

318 1461 459 1499 modum,
475 1460 611 1493 formam
630 1465 661 1493 et
675 1465 821 1492 tenorem
837 1460 1057 1502 praesentium

318 1513 514 1552 reducimus,
541 1520 572 1547 et
595 1523 655 1555 pro
679 1513 725 1545 sic
749 1513 937 1552 moderatis,
957 1513 1058 1546 refor-

318 1565 412 1599 matis
437 1571 468 1598 et
492 1565 634 1598 reductis
660 1566 784 1606 haberi,
811 1566 937 1599 censeri
955 1572 986 1599 et
1010 1567 1057 1599 in-

319 1618 422 1661 telligi
448 1619 597 1651 volumus
623 1624 656 1651 et
680 1619 910 1659 decernimus,
946 1619 1057 1662 sicque

319 1672 455 1715 pariter,
483 1676 516 1704 et
531 1681 595 1704 non
608 1671 687 1703 alias
701 1682 798 1714 quam
815 1674 939 1705 servata
957 1673 1059 1705 forma

319 1723 540 1767 praesentium
567 1723 710 1756 omnium
735 1734 771 1756 ac
795 1724 996 1767 singulorum
1026 1725 1057 1757 in

319 1777 386 1810 illis
413 1781 651 1816 contentorum,
667 1776 847 1817 facultates,
866 1778 1060 1811 iurisdictio-

320 1840 378 1862 nes
403 1834 435 1862 et
459 1829 669 1862 auctoritates
695 1829 899 1870 huiusmodi,
930 1842 1058 1865 necnon

320 1882 548 1926 deputationes
574 1882 766 1914 eorumdem
784 1888 1006 1925 protectorum
1027 1885 1058 1917 in

319 1940 489 1979 posterum
504 1935 811 1978 quomodocumque
824 1937 1058 1979 concedendas,

321 1988 558 2028 attribuendas,
578 1998 634 2021 seu
652 1988 948 2030 communicandas,
965 1996 997 2023 et
1013 2002 1061 2024 re-

125 624 221 644 multatos.

889 241 1098 266 INNOCENTtt's
1124 242 1140 264 Χ
1147 242 1167 264 Π
1192 242 1238 264 FP.

321 2041 469 2086 speetive
493 2040 673 2081 faciendas,
696 2041 882 2083 observari,
920 2045 1058 2085 attendi,

321 2094 464 2137 intelligi
489 2100 521 2127 et
546 2094 661 2138 exequi
687 2094 821 2127 omnino
855 2096 1002 2130 volumus
1029 2104 1060 2130 et

320 2149 525 2181 mandamus.

171 2210 310 2246 cuppam-n
364 2201 456 2245 ξ16.
491 2200 650 2239 Quocirca
682 2201 848 2244 praefatae
877 2202 1060 2247 Congrega-

127 2242 401 2288 „Qiii‘iifffflc'i'ii-tioni
426 2260 680 2287 memoratorum
712 2255 850 2298 negotiis
877 2261 908 2288 et
932 2259 1060 2291 eonsul-

128 2293 499 2362 Z'JJ'iss'r'ii'ss'gt‘fef-tationibus
533 2308 764 2352 episcoporum
800 2315 831 2342 et
862 2311 1058 2352 regularium

127 2348 581 2415 {223'V'¹¹.¹‹}33.1⁴12¹2¹2¹5praepositorum
605 2361 839 2403 cardinalium,
875 2369 904 2396 et
941 2364 1058 2398 dilecto

145 2400 270 2421 ¹⁰⁵'''“‘'“
322 2414 388 2447 lilio
415 2414 524 2447 curiae
550 2425 720 2447 causarum
742 2415 895 2449 Camerae
921 2417 1060 2460 Aposto-

324 2467 408 2500 licae
442 2468 585 2510 generali
611 2468 772 2510 auditori,
797 2480 855 2512 per
880 2471 1059 2514 apostoliea

322 2520 443 2563 scripta
456 2525 545 2553 motu
559 2520 656 2553 simili
668 2522 870 2562 mandamus,
887 2528 1057 2565 quatenus,

322 2573 475 2606 omnihus
501 2578 533 2605 et
557 2573 697 2616 singulis
717 2575 904 2617 praemissis
929 2586 1058 2619 semper

322 2627 420 2660 salvis
445 2632 477 2659 et
499 2626 533 2659 in
553 2637 609 2660 suo
631 2627 748 2660 robore
775 2630 1055 2672 permanentibus,

431 2689 509 2717 Bull.
524 2689 608 2717 Rom.
620 2705 653 2709 —
672 2689 733 2718 Vol.
750 2690 808 2718 XX.
953 2691 987 2718 76

1731 232 1788 264 601

1098 289 1312 331 Congregatio
1340 290 1387 321 vel
1415 288 1541 321 auditor
1570 289 1705 331 praefati
1737 301 1830 332 prae-

1098 346 1210 375 sentes
1232 342 1368 381 litteras,
1387 341 1418 373 in
1437 344 1473 374 ea
1498 346 1589 384 parte
1616 341 1716 384 quae¹
1738 353 1831 384 prae-

1098 394 1216 427 dictam
1241 393 1499 428 moderationem
1521 404 1578 426 seu
1604 394 1829 427 limitationem

1098 447 1285 481 facultatum
1318 452 1541 490 protectorum
1578 447 1762 479 huiusmodi
1795 457 1831 479 ae

1098 501 1131 533 in
1157 501 1356 533 contrarium
1383 501 1523 543 desuper
1548 499 1588 532 ab
1614 499 1728 532 iisdem
1760 509 1834 542 pro-

1101 554 1277 588 tectoribus
1303 554 1524 597 gerendorum
1556 553 1739 586 nullitatem
1775 563 1831 585 seu

1098 608 1311 641 irritationem
1338 608 1502 640 dumtaxat
1533 611 1753 646 concernunt,
1777 606 1832 639 ubi

1100 667 1130 694 et
1155 662 1348 704 quandoque
1375 671 1456 704 opus
1484 661 1601 701 suerit,
1629 660 1757 704 quoties
1774 669 1833 702 pro

1099 720 1189 758 parte
1215 724 1496 757 quorumcumque
1522 714 1659 756 desuper
1676 713 1834 745 interesse

1101 767 1290 800 habentium
1309 766 1524 809 Congregatio
1535 768 1584 799 vel
1600 767 1730 799 auditor
1743 777 1836 809 prae-

1100 821 1155 861 fati
1181 820 1300 852 suerint
1325 819 1492 862 requisiti,
1517 819 1707 852 solemniter
1731 819 1838 861 publi-

1100 878 1221 913 cantes,
1249 872 1361 915 eisque
1388 873 1528 915 desuper
1561 872 1698 905 efficacis
1727 872 1838 905 desen-

1100 926 1201 959 sionis
1227 925 1389 969 praesidio
1415 925 1614 965 assistentes,
1640 925 1758 957 saciant
1782 936 1838 957 au-

1099 980 1251 1013 ctoritate
1282 982 1397 1012 nostra
1427 980 1557 1012 easdem
1586 984 1775 1022 praesentes
1805 979 1837 1011 in

1101 1033 1184 1066 dicta
1208 1037 1297 1076 parte
1323 1032 1487 1065 dumtaxat
1503 1033 1639 1064 firmiter
1656 1032 1835 1072 observari,

1100 1092 1130 1120 et
1154 1087 1320 1129 singulos,
1357 1098 1438 1130 quos
1476 1087 1609 1120 eaedem
1645 1087 1773 1120 litterae
1805 1087 1836 1119 in

1101 1141 1184 1173 dicta
1209 1145 1300 1183 parte
1315 1146 1526 1179 concernunt,
1541 1140 1606 1172 illis
1621 1140 1751 1183 pacilice
1767 1151 1840 1182 gau-

1100 1194 1186 1233 dere,
1212 1203 1277 1225 non
1303 1192 1539 1236 permittentes,
1558 1203 1612 1226 eos
1638 1193 1840 1236 quomodoli-

1100 1247 1155 1278 bet
1179 1246 1324 1278 indebite
1350 1246 1533 1286 molestari,
1558 1246 1836 1287 contradictores,

1100 1299 1288 1331 auctoritate
1313 1300 1433 1336 nostra,
1460 1298 1681 1342 appellatione
1706 1304 1839 1342 postpo-

1101 1352 1181 1392 sita,
1207 1352 1458 1400 compescendo.

1143 1405 1224 1447 547.
1245 1404 1476 1444 DecernenteS,
1498 1405 1627 1437 easdem
1649 1410 1841 1448 praesentes

1100 1457 1234 1496 litteras,
1259 1462 1289 1489 et
1314 1457 1346 1489 in
1367 1457 1413 1490 eis
1434 1464 1587 1490 contenta
1609 1469 1840 1501 quaecumque,

1101 1511 1196 1544 etiam
1222 1521 1257 1542 ex
1284 1520 1321 1543 eo
1347 1510 1432 1554 quod
1458 1521 1569 1543 omues
1595 1516 1626 1543 et
1646 1511 1767 1553 singuli
1789 1522 1842 1544 su-

1101 1564 1247 1608 pradieti,
1274 1567 1304 1597 et
1327 1564 1383 1597 alii
1405 1564 1602 1607 quicumque
1621 1565 1761 1597 cuiusvis
1780 1570 1843 1598 sta-

1101 1623 1160 1658 tus,
1185 1618 1315 1660 gradus,
1343 1616 1477 1656 ordinis,
1503 1617 1710 1657 conditionis,
1732 1628 1843 1660 praee-

1102 1671 1277 1704 minentiae
1301 1672 1350 1704 vel
1376 1671 1557 1713 dignitatis,
1583 1681 1638 1703 seu
1664 1671 1743 1704 alias
1769 1682 1841 1715 spe-

1101 1724 1193 1757 cifica
1218 1729 1248 1757 et
1272 1723 1438 1757 individua
1463 1723 1631 1756 mentione
1658 1729 1690 1756 et
1711 1734 1842 1767 expres-

1102 1777 1193 1810 sione
1218 1776 1315 1818 digni,
1338 1776 1370 1808 in
1391 1775 1580 1819 praemissis
1594 1777 1842 1819 quomodolibet

1102 1831 1150 1864 ius
1181 1831 1230 1862 vel
1262 1829 1422 1862 interesse
1448 1829 1608 1862 habentes
1636 1840 1693 1862 seu
1718 1830 1841 1864 habere

1102 1884 1372 1928 praetendentes,
1398 1883 1514 1916 iisdem
1550 1884 1739 1927 praemissis
1776 1895 1841 1918 non

1103 1937 1342 1977 consenserint,
1369 1947 1430 1969 nec
1455 1937 1495 1969 ad
1521 1947 1558 1969 ea
1581 1937 1686 1970 vocati
1712 1948 1767 1971 seu
1786 1949 1842 1971 au-

1103 1992 1161 2025 diti
1185 1991 1313 2031 suerint,
1341 1991 1465 2023 tametsi
1488 2001 1621 2024 suorum
1641 1991 1842 2026 indultorum

1105 2046 1153 2078 vel
1177 2043 1425 2088 privilegiorum
1450 2043 1561 2086 vigore
1582 2044 1767 2078 consentire
1785 2056 1841 2079 seu

1102 2097 1209 2130 vocari
1235 2101 1267 2130 et
1291 2095 1395 2129 audiri
1420 2097 1519 2129 semel
1543 2098 1593 2129 vel
1619 2097 1742 2140 pluries
1768 2108 1841 2142 quo-

1104 2161 1167 2194 quo
1193 2150 1291 2182 modo
1316 2149 1519 2190 debuissent,
1546 2155 1599 2182 aut
1620 2160 1657 2182 ex
1677 2150 1739 2183 alia
1763 2161 1841 2194 qua-

1103 2213 1239 2246 cumque
1265 2202 1417 2243 iuridica,
1445 2203 1650 2245 privilegiata
1681 2208 1713 2236 et
1744 2204 1841 2238 ratio-

1104 2256 1221 2296 nabili,
1245 2266 1282 2289 ac
1307 2255 1404 2289 etiam
1429 2255 1483 2289 tali
1509 2266 1592 2299 quae
1617 2257 1657 2290 ad
1689 2257 1840 2291 effectum

1103 2309 1274 2343 validitatis
1300 2309 1553 2353 praemissorum
1578 2310 1762 2344 necessario
1787 2322 1840 2344 ex-

1103 2364 1273 2408 primenda
1299 2364 1392 2403 soret,
1419 2365 1514 2396 causa
1539 2368 1570 2397 et
1590 2365 1770 2406 occasione,
1785 2376 1840 2399 eo-

1103 2418 1183 2457 lore,
1208 2422 1376 2461 praetextu
1394 2444 1401 2457 ,
1427 2417 1522 2450 titulo
1538 2444 1546 2458 ‚
1572 2417 1669 2450 etiam
1686 2429 1838 2461 oneroso,

1102 2476 1134 2503 et
1157 2470 1273 2514 capite,
1300 2471 1396 2503 etiam
1418 2470 1450 2503 in
1467 2481 1602 2514 corpore
1620 2471 1699 2505 iuris
1716 2472 1836 2513 clauso,

1101 2524 1167 2557 ullo
1193 2534 1334 2567 unquam
1360 2529 1505 2566 tempore
1541 2525 1580 2557 de
1615 2525 1837 2569 subreptionis

1138 2595 1149 2621 1
1172 2593 1218 2621 Vel
1245 2594 1305 2629 lege
1325 2595 1403 2628 qud,
1432 2593 1475 2620 vel
1501 2598 1595 2629 postea
1620 2596 1762 2624 concernit
1789 2604 1836 2632 pro

1101 2642 1276 2667 concernunt
1297 2638 1439 2674 legendum
1460 2639 1498 2674 (a.
1514 2638 1564 2674 τ.).

1840 241 1876 266 An

1884 262 1887 266 .
1906 239 1934 266 C.
1956 239 2022 267 ΝΜ

1880 1415 1975 1435 Clamit-
