2227 3225
99 254 149 279 An.
167 251 195 277 C.
220 252 286 278 ¹603

125 1311 242 1333 clausulae.

125 2102 281 2124 contrariorum

100 2129 121 2148 d·
129 2130 217 2155 rogatio.

287 300 416 333 cusiene
441 301 488 333 vel
515 300 608 332 cansa
644 299 726 338 latis,
753 299 779 331 si
807 297 922 341 quibus
949 308 1028 340 quo-

287 353 468 386 modolibet
486 353 660 385 innodatus
682 352 801 391 existit,
822 352 860 384 ad
880 349 1027 383 cll'ectum

288 405 507 449 praesentium
544 405 711 437 dumtaxat
746 404 1026 446 consequendum,

288 459 402 492 barum
427 458 509 491 serie
535 458 741 491 absolventes
779 462 810 490 et
846 457 1029 489 absolutum

289 512 357 545 sore
373 516 556 549 censentes,
575 510 872 554 supplicationibus
890 509 960 541 eius
976 519 1030 541 no-

287 565 375 598 mine
391 565 484 597 nobis
500 576 597 608 super
612 565 674 597 lioc
689 564 857 596 humiliter
872 562 1031 605 porrectis

287 617 443 657 inclinati,
469 618 508 651 de
533 617 767 650 venerabilium
806 616 939 649 fratrum
974 626 1031 648 no-

289 674 430 702 strorum
468 670 498 701 S.
520 669 555 701 ll.
576 668 610 700 E.
645 668 858 700 cardinalium
891 666 1031 709 negotiis

289 728 322 755 et
345 721 642 755 consultationibus
664 721 898 764 episcoporum
925 725 958 753 et
981 730 1033 752 re-

290 773 451 816 gularium
468 772 727 816 praepositorinn
743 772 889 813 consilio,
904 771 987 804 dcci.
1004 777 1032 803 ta

288 826 492 870 praeinseria
514 836 530 857 a
556 824 741 857 memoratis
767 824 875 868 priore
902 824 1034 867 provin-

289 879 362 912 ciali
388 884 420 911 et
445 877 662 917 definitorio¹,
689 883 724 910 ut
748 878 941 921 praefertur,
960 888 1031 910 cum

290 932 441 965 omnibus
468 936 500 964 et
532 931 669 974 singulis
705 931 737 963 in
768 931 813 963 eis
851 931 1032 974 respective

290 986 459 1024 contentis,
475 985 670 1019 auctoritate
696 985 890 1028 apostoliea,
917 990 1033 1018 tenore

290 1039 512 1083 praesentium
530 1066 537 1079 ‚
560 1039 789 1072 confirmamus
815 1044 847 1072 et
871 1039 1034 1082 approba-

290 1103 382 1132 mus,
424 1092 554 1135 illisque
594 1091 792 1125 inviolabilis
832 1092 1033 1135 apostolicae

291 1144 450 1178 firmitatis
476 1146 575 1178 robur
599 1145 786 1185 adiicimus;
813 1146 900 1178 salva
927 1151 1033 1178 tamen

292 1208 421 1241 semper
453 1197 484 1230 in
508 1197 696 1241 praemissis
727 1197 919 1230 auctoritate
952 1197 1035 1230 Con—

293 1250 492 1294 gregationis
518 1256 774 1283 memoratorum
806 1250 1030 1283 cardinalium.

336 1305 350 1347 ἓ
375 1304 406 1337 3.
430 1303 658 1343 Decernentes,
677 1304 762 1346 ipsas
780 1309 970 1347 praesentes
987 1304 1034 1336 lit-

293 1362 378 1390 teras
404 1366 534 1399 semper
559 1355 689 1396 sirmas,
722 1356 846 1389 validas
872 1361 903 1389 et
928 1356 1035 1389 effica-

293 1420 344 1442 ces
370 1409 506 1442 existere
533 1413 564 1441 et
589 1409 674 1449 sore,
699 1419 841 1452 suosque
866 1410 1034 1452 plenarios

294 1468 324 1495 et
349 1462 494 1504 integros
520 1461 650 1494 effecius
680 1461 786 1494 sortiri
812 1467 844 1494 et
869 1462 1031 1503 obtinere,

293 1523 329 1545 ac
354 1512 428 1552 inis,
444 1512 482 1545 ad
508 1522 589 1555 quos
614 1517 738 1555 spectat
756 1517 787 1545 et
805 1523 866 1556 pro
887 1518 1032 1556 tempore

293 1565 460 1609 spectabit,
478 1565 509 1597 in
529 1565 681 1598 omnibus
700 1570 730 1598 et
747 1575 808 1608 per
831 1566 940 1599 omnia
965 1567 1033 1609 ple-

293 1618 426 1651 nissime
446 1617 634 1660 suffragari,
661 1623 693 1650 et
717 1619 756 1651 ab
783 1617 828 1651 eis
854 1619 1033 1662 respective

292 1671 523 1704 inviolabiliter
547 1671 735 1711 observari,
759 1671 869 1714 sicque
895 1672 927 1704 in
945 1683 1035 1715 prae-

292 1725 398 1758 missis
423 1735 483 1768 per
507 1735 728 1768 quoscumque
755 1725 876 1758 iudices
903 1726 1034 1759 ordina-

293 1778 362 1810 rios
384 1783 415 1810 et
440 1779 615 1820 delegatos,
635 1778 732 1811 etiarn
752 1789 923 1811 causarum
945 1770 1034 1822 pala-

295 1832 327 1863 tii
355 1832 526 1874 apostolici
551 1832 725 1872 auditores,
760 1833 894 1866 iudicari
923 1839 953 1866 et
978 1835 1034 1867 de-

295 1883 381 1917 finiri
406 1885 525 1918 debere
542 1912 549 1925 ‚
587 1895 623 1918 ae
659 1885 786 1919 irritum
813 1892 842 1919 et
868 1887 973 1927 inane,
1006 1888 1031 1920 si

294 1947 390 1971 secus
416 1948 514 1981 super
539 1937 590 1969 his
615 1948 633 1970 a
658 1949 830 1982 quoquam,
847 1939 957 1982 quavis
983 1951 1034 1972 au-

294 1990 457 2030 ctoritate,
482 1991 625 2024 scienter
650 1991 697 2024 vel
724 1992 930 2034 ignoranter,
956 2004 1033 2026 eon-

294 2043 406 2086 tigerit
429 2044 591 2076 attentari.

337 2097 352 2139 g
378 2096 408 2129 4.
449 2096 517 2129 Non
543 2096 748 2130 obstantibus
772 2099 969 2141 praemissis,
996 2111 1033 2133 ae

292 2148 583 2182 constitutionibus
608 2155 640 2182 et
671 2151 933 2184 ordinationibus
956 2164 1033 2196 apo-

291 2201 422 2241 stolicis,
441 2212 485 2242 ac,
504 2208 665 2245 quatenus
683 2214 764 2246 opus
783 2204 832 2244 sit,
846 2206 1032 2248 provinciae

292 2260 323 2287 et
340 2254 469 2287 Ordinis
488 2255 740 2298 praedictorum,
761 2257 855 2290 etiam
872 2257 1032 2292 iuramen-

292 2312 335 2347 to,
361 2308 609 2341 confirmatione
638 2310 825 2352 apostolica,
846 2312 894 2344 vel
917 2313 1030 2354 quavis

291 2359 443 2394 firmitate
468 2361 530 2394 alia
555 2362 727 2403 roboratis,
743 2364 872 2396 statutis
898 2371 929 2397 et
954 2376 1031 2398 con-

291 2413 525 2454 suetudinibus,
551 2415 732 2457 privilegiis
757 2427 897 2460 quoque,
925 2418 1031 2453 indul-

291 2467 332 2499 tis
361 2471 393 2499 et
417 2466 533 2500 litteris
560 2468 748 2510 apostolicis
773 2470 805 2502 in
831 2472 1029 2505 eontrarium

291 2519 546 2562 praemissorum
579 2522 825 2564 quomodolibet
853 2526 1027 2565 concessis,

291 2571 490 2605 confirmatis
517 2579 548 2606 et
571 2574 752 2616 innovatis;
780 2577 896 2619 quibus
931 2579 1030 2612 omni-

325 2633 339 2665 1
357 2633 431 2661 Fors.
445 2633 520 2662 deest
531 2635 644 2665 sancita
653 2635 698 2664 aut
710 2638 769 2666 lata
782 2641 828 2665 aut
840 2639 926 2667 simile
937 2641 1028 2676 (n.T.).

871 248 1080 273 txxoanTtt's
1105 249 1148 271 ΧΠ
1173 250 1220 271 [Ψ.

1709 242 1771 274 {Tt'v'i'

1069 296 1128 328 bus
1154 302 1185 329 et
1210 297 1359 339 singuliS,
1388 297 1517 330 illorum
1547 303 1676 331 tenores
1714 311 1808 342 prae-

1070 350 1216 381 sentibus
1248 360 1305 391 pro
1338 351 1433 392 plene
1467 356 1498 381 et
1530 351 1732 384 sut'ticieuter
1757 363 1810 384 ex-

1071 403 1190 444 pressis
1207 408 1238 435 et
1254 403 1386 435 insertis
1405 403 1575 443 babentes,
1593 403 1657 436 illis
1675 405 1754 436 alias
1779 405 1810 436 in

1071 465 1129 488 suo
1154 457 1271 488 robore
1298 457 1531 498 permansuris,
1550 457 1588 489 ad
1617 457 1813 500 praemisso-

1071 518 1141 540 rum
1167 508 1326 548 ellectum,
1355 508 1415 541 liac
1440 509 1508 541 vice
1542 509 1718 549 dumtaxat,
1742 521 1814 554 spe-

1071 561 1198 594 cialiter
1224 566 1254 594 et
1280 572 1432 605 expresse
1469 563 1689 605 derogamus
1728 570 1813 597 cete-

1072 614 1181 657 risque
1208 614 1379 647 contrariis
1404 615 1677 659 quibuscumque.

1118 667 1228 699 Datum
1254 668 1386 707 Romae,
1412 669 1497 711 apud
1519 668 1550 701 S.
1570 669 1699 702 Mariam
1717 669 1815 702 Maio-

1074 731 1154 761 rem,
1171 721 1231 753 sub
1248 722 1369 754 annulo
1385 722 1568 762 I‘iscatoris,
1585 722 1636 755 die
1656 733 1706 755 xix
1730 729 1816 755 octo-

1075 773 1141 806 bris
1155 784 1311 814 nucxcin,
1327 774 1533 818 pontificatus
1548 775 1649 808 nostri
1664 787 1749 808 anno
1764 787 1811 810 ni.

1110 838 1168 865 Dat.
1188 838 1231 865 die
1250 838 1280 865 19
1296 838 1414 865 octobris
1437 838 1514 872 1093,
1537 838 1630 873 pontif.
1649 847 1719 866 auno
1736 845 1774 865 nt.

1391 981 1496 1014 LXXI.

1076 1061 1272 1095 Conceditur
1308 1066 1336 1093 et
1372 1062 1551 1101 statuitur,
1588 1065 1623 1093 ut
1655 1061 1817 1094 studentes

1120 1115 1346 1147 coenobiorum
1383 1114 1416 1147 S.
1458 1114 1564 1147 Murci
1603 1114 1814 1154 Florentius,

1119 1169 1151 1202 S.
1191 1169 1354 1200 Domim'ci
1391 1168 1574 1208 Fesulctni,
1613 1168 1645 1201 S.
1682 1168 1814 1207 Iacobi,

1119 1222 1151 1254 S.
1174 1222 1325 1254 itlim'atis
1349 1232 1409 1253 sua
1440 1222 1551 1254 studia
1584 1226 1745 1264 pcraqnnt
1781 1222 1817 1253 in

1120 1275 1279 1307 coenobiis
1304 1275 1435 1307 strictae
1462 1274 1693 1308 observantiae
1714 1278 1742 1307 ct
1769 1274 1814 1307 Ie-

1119 1332 1230 1360 cturas
1251 1328 1395 1360 obtinere
1419 1332 1541 1371 queant
1566 1327 1586 1360 ¹.

1257 1407 1454 1434 Innocentius
1475 1408 1552 1441 Papa
1572 1408 1632 1439 XII,

1212 1452 1247 1477 ad
1265 1450 1398 1477 futuram
1418 1451 1462 1477 rei
1483 1452 1668 1478 memoriam

1118 1521 1284 1554 Militantis
1310 1522 1471 1555 Ecclesiae
1505 1522 1665 1565 regimini,
1693 1523 1816 1556 meritis

1075 1575 1151 1608 licet
1169 1575 1359 1618 imparibus,
1374 1575 1481 1608 divina
1499 1577 1712 1620 dispositione
1728 1581 1817 1620 prae·

1076 1628 1230 1668 sidentes,
1250 1629 1288 1661 ad
1309 1639 1354 1667 ca,
1375 1639 1433 1671 per
1448 1640 1529 1672 quae
1555 1629 1817 1663 cliristitideliuin

1076 1681 1234 1714 Altissimi
1260 1682 1429 1725 obsequiis
1455 1684 1516 1715 sub
1542 1684 1629 1716 suavi
1648 1684 1817 1726 religionis

1076 1735 1150 1777 ingo
1176 1735 1434 1778 mancipatorum
1461 1736 1745 1780 laudabilibusque
1771 1738 1818 1770 in-

1076 1787 1198 1820 stitutis
1216 1788 1281 1820 suis
1300 1788 1539 1821 inhaerentium
1569 1790 1662 1822 statui
1682 1796 1713 1823 et
1732 1791 1817 1824 l‘elic'i

1076 1840 1247 1874 directioni
1266 1847 1450 1884 opportune
1468 1843 1658 1883 consulitur,
1677 1854 1818 1887 propen-

1075 1894 1118 1927 sis
1143 1895 1258 1927 studiis
1283 1895 1494 1936 intendimus,
1522 1907 1558 1928 ac
1584 1897 1614 1929 in
1641 1897 1704 1929 illis
1730 1908 1817 1930 com-

1074 1946 1161 1980 missi
1188 1947 1283 1980 nobis
1309 1949 1440 1981 caelitus
1461 1949 1559 1982 oflicii
1584 1955 1694 1993 partes
1718 1951 1816 1983 inter-

1074 2000 1236 2044 ponimus,
1255 2000 1338 2033 sient
1355 2002 1472 2034 rationi
1494 2008 1748 2035 consentaneum
1768 2014 1815 2036 e<-

1075 2063 1109 2085 se
1133 2052 1166 2084 in
1191 2053 1326 2085 Domino
1352 2055 1560 2088 arbitramur.

1118 2105 1189 2148 {¹-
1220 2105 1343 2148 Evponi
1378 2106 1541 2149 siquidem
1577 2108 1672 2141 nobis
1710 2120 1816 2152 nuper

1074 2157 1223 2190 fecerunt
1260 2158 1368 2191 dilecti
1405 2158 1463 2191 filii
1500 2160 1614 2193 fratres
1647 2162 1814 2195 studentes

1075 2220 1130 2243 seu
1156 2210 1278 2243 alumni
1304 2211 1335 2244 S.
1362 2211 1455 2244 Marci
1481 2213 1673 2254 Florentini,
1701 2214 1732 2247 S.
1752 2215 1813 2247 Do-

1074 2263 1182 2296 minici
1208 2263 1357 2297 Fesulani
1384 2268 1413 2298 et
1437 2265 1468 2298 S.
1490 2266 1628 2300 illiniatis
1654 2269 1813 2311 respecti-

1072 2326 1108 2349 ve
1135 2322 1355 2350 conventuum
1374 2317 1503 2352 Ordinis
1536 2319 1814 2362 Praedicatorinu,

1111 2423 1121 2448 1
1140 2421 1175 2448 De
1193 2430 1303 2449 numero
1325 2423 1515 2458 magistrorum
1535 2425 1595 2451 vide
1615 2425 1765 2453 innocentii
1782 2427 1811 2454 Xl

1073 2469 1159 2493 const.
1176 2466 1241 2493 editi
1258 2473 1413 2500 MDchxvn,
1430 2468 1473 2495 die
1488 2469 1522 2495 ΞΟ
1536 2470 1704 2504 novembris,
1718 2472 1811 2506 pontit.

1072 2517 1099 2543 n,
1117 2513 1143 2537 et
1158 2510 1238 2537 huius
1254 2512 1387 2546 pontificis
1407 2516 1490 2539 const.
1508 2513 1571 2540 edit.
1588 2521 1704 2547 nucxcv,
1721 2516 1763 2542 (lif'
1780 2518 1813 2543 ⁰22

1072 2554 1248 2589 septembris,
1265 2559 1337 2590 pont.
1354 2563 1380 2588 v;
1397 2556 1423 2582 in
1435 2561 1522 2584 const.
1540 2565 1603 2586 vcro
1619 2559 1660 2586 ed.
1677 2566 1811 2594 nncxcvn,

1072 2599 1116 2624 die
1136 2599 1169 2625 *23
1189 2600 1257 2632 iulii,
1279 2600 1375 2635 pontif.
1399 2608 1434 2635 v1,
1455 2602 1544 2636 agitur
1563 2603 1597 2630 (le
1617 2604 1749 2632 electione
1771 2604 1810 2632 te-

1072 2646 1177 2670 ctorum
1195 2645 1418 2680 Cougregationis
1438 2645 1464 2672 S.
1481 2645 1573 2677 Marci.

1819 253 1867 277 Au.
1889 252 1915 277 tt.
1937 252 2000 276 ttr'lll

1854 1532 1929 1553 vanli
1940 1540 1975 1554 tin.

1851 2116 1939 2141 Species
1958 2116 2007 2136 sarii

1825 2145 1844 2162 el
1857 2149 1934 2162 causat·
1945 2143 2008 2163 huius

1825 2172 1988 2190 constitutionis,
