2254 3225
183 254 232 278 An.
253 251 280 277 C.
298 250 365 276 {13th

257 2414 365 2435 irritantur
379 2419 391 2435 ἃ

210 2441 318 2462 Pontilice.

411 239 452 272 ὓθὲ

376 299 505 332 Parisiis
524 309 608 331 anno
626 295 815 332 nuchxxn'
834 293 1028 337 congregati,
1048 297 1113 324 tum

375 353 530 397 praestito
557 352 635 385 inibi
663 362 720 394 per
745 362 801 383 eos
828 347 1008 382 extensioni
1028 346 1114 379 illins

377 406 456 444 iuri.
489 406 574 450 quod
608 410 723 438 vocant
746 403 907 447 reyaliae,
939 401 978 433 ad
1003 409 1115 433 omnes

379 460 456 493 dicti
483 459 574 502 regni
601 458 753 492 ecclesias
778 467 922 494 assensu,
941 460 1006 486 tum
1032 452 1117 485 edita

379 512 519 545 subinde
546 512 584 544 de
610 515 772 554 potestate
798 507 1017 541 ecclesiastica
1041 515 1118 547 qua-

380 570 456 598 tuor
484 563 725 608 propositiones
758 561 944 594 continente
974 558 1119 591 declara-

381 619 470 651 tione
497 621 709 661 peregerunt,
729 623 876 657 quaeque
894 612 963 655 ipsa
987 609 1119 643 comitia

383 670 557 703 subsecuta
596 669 727 700 suerunt
764 665 934 703 mandata,
975 667 1117 701 arresta,

383 721 655 759 confirmationes,
681 718 928 756 declarationes,
952 715 1121 759 epistolae,

384 775 491 808 edicta
506 780 536 807 et
557 774 686 806 decreta
704 779 940 814 quaecumque,
958 779 975 800 a
992 768 1123 811 quibus-

383 828 431 861 vis
457 827 617 871 personis,
634 826 699 858 sive
719 823 947 857 ecclesiasticis
974 821 1040 854 sive
1065 820 1123 854 lai-

386 881 441 921 cis,
470 881 582 923 quavis
608 878 795 911 auctoritate
820 882 851 909 ct
875 880 1033 918 potestate
1054 875 1121 906 sun-

385 934 556 976 gcntibus,
583 932 667 965 edita
692 941 748 963 sen
780 929 965 973 publicata,
996 938 1123 960 necnon

385 997 466 1030 quae
492 986 570 1019 alias
591 985 717 1017 demum
742 982 909 1015 nonnullis
929 981 1049 1014 abhinc
1069 991 1123 1013 an-

385 1039 435 1072 nis
459 1039 491 1071 in
517 1048 615 1080 regno
641 1036 782 1079 praefato
808 1035 912 1067 cidem
940 1034 1014 1066 Sedi
1045 1034 1125 1075 Apo-

387 1091 532 1131 stolicae,
549 1091 777 1131 Romanaeque
791 1086 967 1126 Ecclesiae,
983 1096 1040 1118 seu
1059 1085 1126 1127 qui-

387 1145 585 1186 buscumque
623 1141 692 1174 aliis
728 1140 885 1179 ecclesiis,
917 1138 1124 1172 monasteriis

388 1202 420 1229 et
444 1197 525 1229 loeis
552 1195 623 1238 piis,
642 1195 836 1236 illorumque
854 1192 1034 1235 respective
1054 1200 1126 1233 per-

387 1247 489 1287 sonis,
515 1248 624 1285 rebus,
647 1246 741 1278 bonis
766 1251 797 1278 et
823 1245 954 1284 iuribus,
974 1254 1031 1276 seu
1048 1244 1126 1275 alias

388 1300 604 1333 iurisdictioni
632 1300 679 1332 vel
705 1298 898 1331 immunitati
917 1302 969 1329 aut
986 1296 1125 1330 libertati

389 1352 625 1387 ecclesiasticae
648 1351 894 1395 quomodolibet
918 1349 1128 1393 praeiudicia-

388 1407 431 1439 lia
454 1405 563 1449 quovis
590 1405 686 1437 modo
713 1411 843 1447 peracta
872 1414 907 1436 ac
939 1409 1028 1446 gesta
1062 1403 1128 1435 sue-

390 1466 485 1491 runt:
512 1459 593 1491 baec
618 1468 690 1497 nos,
716 1457 771 1500 qui
795 1457 913 1489 iurium
938 1455 1129 1489 ecclesiasti-

391 1522 498 1544 corum
535 1516 712 1543 assertores
750 1509 780 1541 in
817 1508 912 1540 terris
949 1519 966 1540 a
991 1507 1128 1540 Domino

392 1563 556 1597 constituti
576 1573 693 1602 sumus,
713 1562 780 1594 dies
804 1567 981 1604 noctesque
1000 1560 1030 1593 in
1050 1571 1131 1592 ama-

391 1616 531 1649 ritudine
557 1615 682 1648 animae
709 1620 840 1647 nostrae
858 1613 1047 1656 cogitantes
1067 1623 1131 1644 ma-

392 1680 452 1701 nus
477 1674 603 1701 nostras
639 1678 711 1700 cum
749 1667 896 1710 lacrymis
929 1673 960 1699 et
985 1665 1131 1709 suspiriis

393 1721 566 1755 levavimus
591 1721 630 1754 ad
660 1719 853 1760 Dominum,
892 1729 1028 1762 eumque
1066 1725 1131 1751 toto

394 1774 502 1808 cordis
529 1773 641 1807 affectu
669 1766 864 1816 rogavimus,
898 1778 933 1805 ut
958 1772 1050 1805 nobis
1075 1782 1133 1814 po-

395 1828 473 1861 tenti
499 1828 620 1870 gratiae
645 1838 719 1859 suae
751 1826 871 1859 auxilio
904 1826 1041 1865 adesset,
1068 1835 1131 1868 quo

396 1881 494 1913 ardua
521 1881 580 1913 hac
606 1881 637 1912 in
665 1891 699 1913 re
732 1880 895 1913 commissi
932 1879 1025 1911 nobis
1056 1889 1133 1921 apo-

396 1933 501 1966 stolici
526 1934 670 1966 muneris
688 1939 795 1976 partes
820 1932 994 1965 salubriter
1018 1931 1132 1973 exequi

396 1987 588 2019 valeremus.
616 1986 724 2029 anue
745 1985 1008 2019 consideratione
1033 1984 1134 2016 addu-

398 2039 449 2077 cti,
476 2049 511 2071 ae
535 2049 574 2071 ne
600 2049 751 2082 supremo
778 2038 873 2071 iudici
899 2038 1058 2070 rationem
1081 2037 1134 2070 vit-

398 2091 560 2124 licationis
586 2097 712 2124 nostrae
738 2092 898 2124 reddituri
917 2090 1133 2133 negligentiae

398 2144 432 2176 in
454 2145 575 2177 credita
601 2145 693 2177 nobis
717 2144 997 2177 administratione
1022 2154 1135 2186 argue-

401 2207 528 2237 remur,
555 2203 708 2240 quantum
734 2197 841 2230 divina
865 2197 994 2230 bonitas
1027 2197 1130 2237 dedit,

401 2250 482 2282 nihil
495 2250 661 2293 hucusque
676 2251 963 2293 praetermisimus,
975 2261 1036 2293 quo
1046 2260 1135 2293 prae·

403 2303 564 2336 iudicialia
582 2304 722 2346 praefata
740 2305 779 2337 ab
800 2304 919 2343 iismet,
940 2304 993 2347 qni
1013 2314 1048 2336 ea
1064 2313 1135 2347 per-

403 2361 546 2397 egerant,
571 2366 606 2388 ex
632 2356 739 2389 animo
763 2362 1030 2389 retractarentur.

448 2408 461 2450 ἓ
486 2406 518 2440 ⁶2.
544 2407 670 2447 Verum,
692 2419 756 2451 quo
775 2409 933 2441 efficacius
950 2419 986 2441 ac
1003 2408 1135 2441 uberius

403 2460 493 2493 Sedis
519 2460 689 2503 praefatae,
714 2461 872 2494 Ecclesiae
892 2461 1071 2497 universae,
1093 2460 1136 2492 iu-

404 2512 667 2556 risdictionisque
694 2519 725 2547 et
748 2514 959 2548 immunitatis
981 2524 1016 2546 ac
1040 2513 1138 2546 liber-

405 2565 477 2599 tatis
494 2566 747 2608 ecclesiasticae,
769 2567 1055 2610 ecclesiarumque,
1075 2576 1139 2599 mo-

443 2628 453 2654 1
476 2626 545 2654 Edit.
564 2626 641 2654 Main.
659 2628 722 2665 legit
738 2637 881 2659 naemu-1
898 2630 936 2665 (a.
959 2630 1007 2664 τ,).

963 242 1139 269 BULLARIUM
1166 241 1271 265 nOMAN
1279 241 1317 264 [¹31

1155 289 1371 323 nasteriorum
1392 293 1423 321 et
1448 288 1592 321 locorum
1611 287 1755 332 priorum
1780 288 1893 321 huius-

1157 342 1271 382 modi,
1298 342 1493 385 illorumque
1526 353 1740 385 personarum
1767 342 1894 386 praedi—

1157 401 1280 428 ctarum
1324 395 1529 428 indemnitati
1569 397 1736 439 perpetuis
1777 396 1892 428 suturis

1159 448 1360 492 temporibus
1379 449 1562 481 consultum
1584 449 1637 490 sit,
1656 449 1773 483 auditis
1786 460 1896 494 quam-

1159 501 1307 545 plurimis
1333 512 1369 534 ex
1390 502 1632 535 venerabilibus
1657 503 1811 536 fratribus
1839 513 1897 535 no-

1160 555 1234 588 stris
1259 555 1290 588 S.
1315 555 1350 587 R.
1378 555 1412 587 E.
1441 555 1674 595 cardinalibus,
1701 562 1733 588 et
1757 557 1897 589 nonnul-

1161 609 1266 641 lorum
1292 607 1322 639 in
1349 610 1439 640 sacra
1463 608 1632 649 theologia
1659 608 1896 650 magistrorum,

1162 672 1196 694 ac
1221 661 1318 694 etiam
1343 661 1375 692 in
1402 660 1543 693 decretis
1569 661 1741 693 doctorum
1767 661 1806 693 ad
1825 671 1900 694 exa-

1163 725 1236 747 men
1262 714 1385 756 negotii
1412 714 1597 746 huiusmodi
1624 724 1641 746 a
1658 713 1752 747 nobis
1774 714 1900 757 specia-

1163 769 1237 801 liter
1261 767 1472 805 delectorum,
1493 767 1547 810 qui
1568 765 1666 799 illud¹
1687 771 1812 799 mature
1837 766 1900 799 dis-

1164 825 1351 859 cusserunt,
1379 830 1513 862 remque
1539 825 1638 852 totam
1671 819 1766 852 nobis
1803 830 1902 863 expo·

1164 879 1309 912 suerunt,
1335 872 1519 912 sententiis,
1546 877 1703 915 quantum
1735 872 1831 904 nobis
1863 882 1900 904 ex

1166 928 1230 959 alto
1256 926 1445 959 conceditur
1478 925 1650 967 providere
1683 925 1839 964 volentes
1865 935 1902 957 ac

1167 978 1268 1012 felicis
1287 977 1521 1011 recordationis
1542 977 1723 1009 lnnocentii
1741 977 1846 1020 Papae
1863 975 1902 1008 XI

1167 1030 1426 1075 praedecessoris
1452 1030 1565 1070 nostri,
1590 1030 1654 1072 qui,
1671 1029 1839 1063 occasione
1857 1040 1903 1062 re-

1167 1084 1331 1121 scribendi
1357 1084 1395 1116 ad
1420 1083 1545 1116 litteras
1581 1083 1698 1126 quibus
1724 1082 1904 1125 archiepis·

1168 1137 1240 1180 copi
1268 1142 1299 1170 et
1324 1136 1376 1169 alii
1403 1135 1615 1168 ecclesiastici
1643 1135 1701 1167 viri
1727 1134 1904 1178 supradicti

1169 1190 1207 1223 de
1232 1189 1328 1222 rebus
1354 1188 1393 1221 ab
1418 1189 1494 1232 ipsis
1520 1188 1618 1230 gestis
1637 1187 1811 1221 certiorem
1832 1197 1906 1219 eum

1170 1242 1388 1282 reddiderant,
1408 1252 1465 1284 per
1489 1241 1644 1284 quasdam
1671 1241 1702 1273 in
1728 1240 1823 1272 simili
1846 1240 1907 1273 sor-

1169 1298 1220 1328 ma
1245 1295 1353 1327 Brevis
1380 1295 1430 1327 die
1451 1305 1482 1327 xi
1508 1293 1620 1337 aprilis
1644 1303 1814 1327 unctxxxn
1854 1303 1907 1325 ex-

1170 1348 1294 1391 peditas
1327 1348 1449 1380 litteras
1481 1346 1683 1391 improbavit,
1718 1346 1851 1379 rescidit
1875 1350 1907 1378 et.

1171 1401 1308 1434 cassavit
1344 1411 1425 1443 quae
1462 1400 1494 1433 in
1531 1400 1625 1433 dictis
1662 1399 1800 1432 comitiis
1837 1404 1908 1431 acta

1172 1454 1298 1487 fuerant
1322 1454 1355 1486 in
1380 1453 1513 1496 negotio
1540 1452 1691 1495 regaliae,
1712 1462 1783 1484 cum
1809 1451 1908 1484 omni-

1170 1508 1232 1539 bus
1258 1507 1332 1539 inde
1358 1506 1486 1544 secutis,
1521 1511 1551 1538 et
1584 1515 1664 1548 quae
1690 1503 1828 1537 subinde
1862 1509 1907 1536 at-

1173 1559 1289 1592 tentari
1322 1559 1522 1601 contIgisset,
1554 1569 1655 1601 eaque
1680 1563 1841 1601 perpetuo
1865 1557 1910 1589 ir-

1173 1614 1233 1646 rita
1251 1619 1280 1646 et
1300 1613 1407 1646 inania
1433 1612 1616 1652 declaravit,
1634 1611 1778 1654 vestigiis
1796 1611 1908 1643 inhae-

1174 1672 1294 1705 renteS,
1319 1676 1447 1698 necnon
1474 1665 1505 1697 in
1532 1665 1626 1697 dictis
1660 1663 1799 1696 comitiis
1833 1663 1908 1695 anni

1174 1729 1344 1753 aiDCLxxxit
1374 1724 1439 1750 tum
1469 1717 1551 1750 circa
1584 1716 1804 1750 extensionem
1829 1715 1908 1747 iuris

1175 1772 1314 1814 regaliae
1348 1781 1443 1814 quam
1474 1771 1559 1803 circa
1590 1769 1844 1802 declarationem
1869 1768 1909 1800 de

1174 1829 1334 1868 potestate
1361 1823 1581 1856 ecclesiastica
1605 1821 1790 1854 liuiusmodi
1824 1826 1912 1853 acto-

1177 1889 1255 1917 rum,
1282 1888 1318 1910 ac
1343 1877 1439 1910 etiam
1477 1876 1620 1908 omnium
1646 1880 1678 1908 et
1709 1875 1911 1916 singulorum

1176 1931 1412 1969 mandatorum,
1449 1934 1658 1968 arrestorum,
1693 1927 1912 1960 confirmatio-

1176 1995 1264 2024 num,
1289 1983 1556 2022 declarationum,
1589 1981 1811 2024 epistolarum,
1844 1979 1912 2013 edi-

1176 2043 1313 2076 ctorum,
1339 2036 1553 2073 decretorum,
1570 2033 1680 2076 quavis
1704 2032 1908 2071 auctoritate,

1175 2090 1241 2123 sive
1267 2087 1495 2125 ecclesiastica,
1522 2086 1585 2118 sive
1604 2086 1699 2118 etiam
1717 2084 1822 2118 laicali
1842 2084 1909 2117 edi-

1177 2149 1291 2183 torum,
1316 2151 1371 2174 seu
1397 2139 1647 2183 publicatorum,
1669 2148 1729 2170 nec
1746 2147 1812 2170 non
1833 2137 1911 2170 alio-

1176 2206 1247 2228 rum
1266 2192 1514 2238 quomodolibet
1529 2190 1808 2234 praeiudicialium
1821 2200 1911 2233 prae·

1177 2249 1314 2281 satorum
1348 2246 1379 2278 in
1413 2255 1513 2287 regno
1547 2243 1732 2286 supradicto
1769 2243 1912 2285 quando-

1177 2310 1312 2343 cumque
1328 2304 1358 2331 et
1383 2309 1400 2331 a
1418 2296 1586 2340 quibusvis
1603 2306 1638 2328 ac
1656 2306 1691 2328 ex
1708 2304 1910 2338 quacumque

1177 2354 1274 2386 causa
1298 2357 1330 2384 et
1354 2350 1467 2393 quovis
1492 2349 1588 2381 modo
1621 2349 1778 2380 sactorum
1803 2352 1834 2380 et
1858 2357 1912 2390 ge-

1177 2412 1309 2445 storum,
1330 2416 1367 2437 ac
1384 2403 1458 2437 inde
1483 2408 1664 2436 secutorum
1686 2410 1910 2444 quorumcum-

1179 2470 1252 2503 que,
1293 2458 1389 2491 etiam
1433 2454 1615 2498 specificam
1645 2459 1678 2486 et
1712 2452 1911 2486 individuam

1179 2512 1379 2545 mentionem
1405 2516 1436 2542 et
1462 2507 1705 2550 expressionem
1731 2507 1770 2539 de
1799 2516 1911 2539 neces-

1180 2565 1272 2597 sitate
1308 2560 1563 2606 requirentium,
1590 2565 1722 2592 tenores
1748 2564 1780 2592 et
1804 2558 1911 2600 datas,

1219 2627 1227 2652 l
1251 2624 1319 2651 Edit.
1341 2624 1419 2651 Maia.
1441 2622 1504 2658 legit
1524 2622 1606 2649 illum
1628 2626 1663 2656 (R.
1681 2627 1729 2655 τ.).

1899 239 1948 266 An.
1969 238 1997 265 C.
2016 237 2086 266 ¹c90
