2254 3225
230 252 277 278 An.
299 251 328 278 c.
352 250 412 277 tG9t
462 241 526 276 188
996 250 1173 275 armanum

424 297 553 339 exarsit,
572 299 768 342 internoque
786 299 931 332 exultans
951 299 1076 341 gaudio,
1091 308 1155 330 non
1177 300 1178 343 J

424 352 530 384 timuit
554 352 630 395 quid
649 352 769 384 saceret
791 351 850 383 sibi
872 352 981 390 homo,
1001 356 1032 383 et
1048 350 1156 383 omnia
1177 351 1178 371 l

425 415 528 448 aequo
554 404 661 437 animo
686 405 794 437 serens
820 415 888 436 cum
909 404 1063 446 Apostolo
1088 403 1157 443 glo-

424 457 570 490 riabatur
594 458 626 490 in
646 457 918 494 tribulationibus,
947 456 1053 488 sciens
1071 454 1154 497 quod
1177 453 1178 466 ¹

426 510 592 543 tribulatio
610 509 797 553 patientiam
812 514 971 551 operatur,
991 513 1022 539 et
1036 506 1158 549 patien-

426 563 468 596 tia
492 564 737 607 probationem,
771 563 1003 605 praeclareque
1036 559 1157 591 intelli-

426 627 505 658 gens
530 617 777 659 haudquaquam
810 624 880 646 esse
905 612 1094 651 mirandum,
1121 612 1155 651 si,

426 680 509 712 quae
528 669 632 701 iudice
650 669 714 700 Deo
729 667 885 709 sapientia
904 665 1009 704 suerit,
1027 675 1064 697 ea
1081 664 1159 696 stul-

426 722 496 754 titia
513 726 679 764 reputetur
696 720 779 762 apud
797 718 956 756 homines,
975 727 1010 749 ex
1030 716 1156 759 quibus,

427 775 481 817 qui
506 774 650 817 spiritum
677 772 786 804 mundi
814 771 908 803 huius
933 770 1064 808 habent,
1082 779 1156 801 vere

426 827 580 860 insensati
604 826 699 858 vitam
725 825 851 868 quidem
878 823 1036 855 iustorum
1061 821 1158 854 aesti-

426 885 514 912 mant
538 879 717 918 insaniam,
745 877 801 910 sed
827 877 859 909 hi
885 874 1060 918 computati
1086 880 1158 907 sunt

427 933 511 966 inter
535 933 618 965 filios
643 931 697 964 Dei
724 936 756 963 et
779 930 862 962 inter
879 934 1005 961 sanctos
1032 938 1103 961 sors
1120 928 1157 961 il-

427 987 532 1019 lorum
555 990 614 1018 est.

260 1048 416 1070 eimaffierna
471 1039 485 1081 ᾗ
508 1039 539 1070 4.
565 1038 736 1080 Tamquam
763 1045 874 1068 aurum
899 1035 997 1077 igitur
1020 1034 1157 1067 Ioannes

232 1080 457 1125 litss⁴'„3.'.'t¹1¹ss'.1'¹¹n'0ss¹;iiffin
483 1091 606 1123 camino
636 1088 854 1121 tribulationis
886 1088 1060 1130 probatus,
1083 1098 1156 1119 cum

233 1129 534 1174 iiiiii'nisiitguliio'firmus
553 1153 589 1174 ac
613 1147 760 1173 constans
777 1140 808 1171 in
823 1140 878 1172 Dei
894 1139 1015 1182 pietate
1041 1139 1159 1181 persti-

426 1196 526 1235 tisset,
543 1205 614 1227 mox
641 1194 751 1236 purior
764 1192 941 1234 accingitur
965 1193 1003 1224 ad
1030 1202 1159 1224 curren-

426 1249 498 1280 dam
520 1247 601 1279 viam
627 1246 771 1285 Domini;
799 1251 837 1283 et,
864 1251 1036 1287 postquam
1062 1244 1157 1277 variis

426 1301 553 1343 pietatis
588 1300 742 1342 operibus
780 1309 813 1330 se
841 1303 1038 1336 exercuerat,
1069 1298 1155 1330 illam

425 1364 502 1396 prae
520 1352 635 1385 ceteris
650 1351 775 1384 vivendi
797 1351 955 1383 rationem
977 1350 1157 1393 assumpsit,

425 1416 488 1448 qua
512 1405 690 1437 animarum
723 1404 817 1436 simul
845 1409 875 1435 et
900 1414 1076 1445 corporum
1110 1413 1159 1435 sa-

425 1458 483 1490 luti
517 1458 729 1500 prospiceret.
764 1457 1018 1499 AEgritutlinibus
1051 1456 1158 1498 itaque

426 1516 458 1542 et
481 1510 601 1542 morbis
620 1520 803 1553 pauperum
833 1509 1091 1541 christifidelium
1107 1519 1159 1540 cu-

427 1563 533 1595 randis
550 1568 632 1595 totus
650 1563 801 1601 intentus,
821 1562 950 1594 domum
967 1561 1159 1604 supellectili

426 1615 553 1659 piorum
579 1615 792 1658 eleemosynis
812 1615 1000 1646 instructam
1027 1614 1058 1645 in
1085 1614 1160 1646 civi-

426 1673 489 1700 tate
514 1668 700 1700 Granatensi
727 1667 889 1706 conduxit,
907 1667 971 1710 quo
997 1677 1158 1710 pauperes

425 1720 583 1760 infirmos,
610 1726 769 1763 quotquot
794 1721 905 1753 obvios
930 1721 989 1752 sibi
1016 1720 1158 1752 invenie-

425 1773 480 1806 bat
502 1775 552 1806 vel
577 1774 609 1805 in
634 1774 682 1806 via
708 1776 899 1816 languentes
920 1774 968 1806 vel
999 1774 1080 1805 same
1107 1773 1160 1804 sri-

426 1836 541 1867 goreve
565 1832 751 1869 pereuntes,
773 1826 912 1869 propriis
938 1826 1081 1858 humeris
1108 1826 1161 1857 de-

426 1878 559 1917 serebat,
586 1879 703 1921 stipem
727 1878 853 1910 vicatim
884 1883 916 1910 et
940 1878 1082 1911 ostiatim
1107 1878 1157 1910 die

426 1936 589 1973 noctuque
614 1942 677 1963 non
704 1930 889 1963 intermisso
914 1931 1025 1963 labore
1052 1941 1160 1963 emen-

427 1982 563 2023 dicabat,
588 1994 624 2015 ac
649 1994 730 2026 quae
750 1983 875 2015 duabus
893 1983 1012 2026 sportis
1038 1988 1070 2016 et
1086 1983 1159 2016 ollis

425 2036 598 2068 recollecta
623 2036 764 2079 propriis
794 2036 907 2068 itidem
934 2036 1079 2069 humeris
1105 2047 1159 2079 ge-

427 2093 584 2127 staverat,
618 2090 702 2122 inter
737 2100 898 2132 pauperes
931 2095 962 2122 et
992 2089 1158 2129 infirmos,

426 2145 523 2181 prout
540 2142 692 2184 cuiusque
711 2142 861 2184 exigebat
885 2143 1067 2181 necessitas,
1095 2143 1158 2175 dis-

426 2193 599 2226 tribuebat.
627 2194 702 2226 Cum
724 2195 863 2237 primum
893 2196 1021 2228 domum
1047 2206 1159 2237 perve-

425 2245 556 2286 niebat,
582 2247 740 2280 invisebat
769 2259 900 2288 omnes,
927 2259 987 2280 nec
1009 2249 1098 2291 prius
1125 2248 1157 2280 in

426 2297 580 2339 privatam
614 2310 646 2332 se
671 2301 848 2343 recipiebat
872 2301 1033 2343 Quietem,
1061 2311 1156 2343 quam

427 2349 556 2391 publice
571 2354 805 2393 aegrotantium
823 2354 1042 2386 commoditati
1061 2353 1160 2385 abun-

427 2401 466 2433 de
490 2405 729 2446 consuluisset,
758 2407 784 2438 si
814 2407 892 2449 quid
925 2407 1053 2439 deesset
1085 2406 1158 2439 dili-

427 2461 542 2499 genter
555 2458 733 2499 exquirens,
753 2465 792 2499 et,
812 2459 968 2501 quidquid
983 2470 1064 2502 opus
1078 2464 1156 2499 erat,

426 2509 478 2551 pie
504 2514 536 2541 et
558 2510 691 2551 provide
716 2511 991 2552 subministrans3
1019 2512 1157 2553 aegrotis

426 2560 496 2603 ipse
520 2562 721 2601 medebatur,
754 2564 881 2607 illisque
907 2565 1086 2603 assistebat,
1114 2565 1158 2596 ci-

425 2613 500 2646 bum
526 2615 665 2657 propriis
691 2616 837 2648 manibus
863 2617 1018 2658 inserens,
1045 2618 1156 2650 sordes

1198 249 1351 273 nousxuu

1198 306 1360 339 purgans,
1392 295 1528 328 lectulos
1551 306 1680 328 versans
1704 306 1740 328 ac
1764 301 1932 338 sternenS,

1199 349 1408 390 frigescentes
1428 348 1513 390 igne,
1531 349 1698 382 famelicos
1723 350 1806 389 cibo,
1825 350 1930 383 nudos

1198 401 1338 434 vestibus
1364 401 1564 441 refocillans,
1590 408 1777 435 moerentes
1803 404 1931 436 confor-

1199 460 1281 494 tans,
1304 460 1498 487 nauseantes
1522 455 1687 497 exquisitis
1714 456 1930 489 condimentis

1198 506 1364 547 reficiens,
1390 517 1501 539 omnes
1538 507 1677 550 denique
1703 508 1834 550 proprio
1858 508 1930 540 sinu

1199 561 1412 602 amplexuque
1448 560 1644 600 confovens,
1677 560 1768 603 quasi
1804 565 1933 603 optaret

1199 622 1312 644 omnes
1336 611 1419 644 intra
1439 622 1496 644 sua
1519 612 1643 645 viscera
1660 612 1851 645 recondere.
1871 613 1933 644 Au-

1200 669 1251 697 cto
1276 665 1514 706 aegrotantium
1539 664 1704 707 hospitum
1728 664 1851 706 ingenti
1876 675 1933 697 nu-

1199 728 1301 757 mero,
1325 727 1405 760 opus
1433 718 1653 761 inceptum‚in
1679 717 1814 750 Domino
1839 717 1934 751 confi-

1200 770 1291 809 dens,
1317 780 1382 803 non
1415 769 1611 809 intermisit,
1643 770 1791 813 quinimo
1830 770 1932 803 maius

1199 822 1468 855 valetudinarium
1487 823 1655 855 instituere
1672 832 1738 855 non
1764 822 1931 863 dubitavit,

1199 876 1343 918 illudque
1369 876 1457 908 omni
1483 876 1732 918 pharmacorum
1768 885 1932 918 opumque

1199 933 1358 970 apparatu
1391 928 1585 961 instructum
1617 928 1729 961 voluit.
1759 927 1839 960 Illuc
1863 927 1932 971 ipse

1199 990 1257 1022 per
1281 990 1315 1012 se
1347 986 1378 1012 et
1408 980 1505 1021 alios,
1532 990 1612 1023 quos
1637 980 1764 1012 interim
1789 980 1932 1012 eiusdem

1199 1033 1338 1065 instituti
1363 1034 1468 1066 socios
1492 1033 1674 1071 admiserat,
1698 1042 1877 1075 pauperum
1902 1038 1935 1064 et

1200 1086 1394 1118 miserorum
1419 1086 1556 1127 agmina,
1573 1091 1604 1117 et
1625 1089 1783 1128 quotquot
1807 1085 1936 1117 commi-

1200 1139 1338 1171 seranda
1369 1144 1543 1182 paupertas
1574 1137 1758 1170 necessaria
1789 1137 1933 1170 febribus

1200 1192 1398 1235 reliquisque
1431 1192 1552 1224 morbis
1584 1191 1819 1223 medicamenta
1843 1189 1936 1222 adhi-

1200 1246 1277 1278 bere
1303 1255 1368 1277 non
1395 1245 1528 1284 sineret,
1550 1244 1716 1286 colligere,
1744 1253 1865 1286 eosque
1883 1243 1936 1275 iis-

1201 1298 1273 1329 dem
1291 1297 1420 1340 pietatis
1440 1297 1592 1340 operibus
1610 1306 1758 1329 recreare
1778 1295 1934 1327 charitate

1201 1349 1232 1381 in
1257 1350 1326 1382 dies
1351 1349 1536 1382 serventiOri
1563 1348 1770 1381 continuavit.
1797 1348 1837 1379 At
1861 1347 1935 1389 quia

1201 1402 1318 1434 eximia
1348 1402 1429 1434 baec
1459 1401 1680 1444 proximorum
1713 1400 1844 1432 dilectio
1868 1410 1934 1432 non

1202 1455 1240 1487 eo
1276 1456 1379 1487 solum
1412 1455 1567 1487 tendebat
1599 1459 1634 1486 ut
1669 1464 1686 1485 a
1720 1452 1934 1495 languoribus

1201 1508 1348 1550 corporis
1365 1513 1573 1547 sanarentur,
1593 1507 1650 1540 sed
1668 1506 1872 1550 potissimum
1900 1510 1936 1537 ut

1202 1562 1381 1593 animarum
1405 1562 1506 1593 salute
1532 1560 1744 1603 proficerent,
1772 1569 1826 1592 eos
1851 1558 1936 1591 salu-

1203 1615 1323 1646 taribus
1343 1614 1505 1647 Ecclesiae
1528 1612 1735 1645 sacramentis
1760 1611 1879 1644 muniri
1905 1616 1936 1644 et

1203 1667 1395 1707 refocillari,
1422 1667 1547 1709 piisque
1577 1665 1791 1698 hortamentis
1824 1669 1855 1697 et
1879 1675 1936 1706 op-

1202 1721 1348 1763 portunis
1373 1721 1578 1752 sermonibus
1600 1719 1776 1761 disponere
1802 1723 1834 1750 et
1859 1728 1936 1750 con-

1203 1774 1327 1806 tii-mare
1352 1773 1529 1814 satagebat,
1552 1772 1642 1804 avide
1660 1770 1838 1803 animarum
1865 1780 1936 1802 cor-

1203 1837 1381 1868 porumque
1407 1825 1658 1857 incolumitatem
1684 1825 1852 1856 anhelans.
1873 1823 1936 1855 Nec

1204 1880 1326 1911 solvens
1359 1878 1487 1911 loannis
1521 1877 1662 1909 charitas
1697 1876 1780 1908 intra
1816 1875 1935 1908 limites

1203 1931 1382 1965 nosocomii
1407 1935 1589 1963 coarctatur
1605 1957 1612 1969 ‚
1639 1929 1697 1961 sed
1719 1929 1756 1961 ad
1784 1933 1935 1960 externos

1201 1986 1295 2019 etiam
1320 1994 1489 2028 pauperes,
1512 1984 1665 2015 honestos
1690 1981 1880 2024 praesertim
1905 1985 1935 2013 et

1199 2038 1417 2077 verecundos,
1444 2046 1525 2079 quos
1558 2035 1692 2068 secretis
1718 2034 1934 2076 eleemosynis

1200 2091 1395 2130 sublevabat,
1414 2094 1445 2121 et
1469 2088 1620 2121 mulieres
1646 2088 1770 2119 summa
1794 2091 1934 2128 egestate

1199 2153 1349 2186 pressas,
1375 2142 1501 2185 quibus,
1528 2151 1568 2173 ne
1602 2145 1775 2183 propterea
1804 2139 1836 2171 in
1861 2148 1936 2181 pec·

1199 2196 1291 2228 candi
1317 2195 1490 2228 discrimen
1517 2193 1732 2231 traherentur,
1749 2191 1885 2234 provide
1903 2196 1935 2223 et

1199 2254 1381 2292 opportune
1413 2246 1639 2285 succurrebat,
1666 2245 1793 2277 abunde
1818 2243 1935 2276 diss'un-

1199 2302 1296 2334 ditur.

1242 2354 1256 2396 ἓ
1281 2353 1312 2386 5.
1337 2353 1460 2391 Quanta
1492 2357 1598 2384 autem
1630 2350 1857 2383 effundebatur
1880 2349 1933 2383 be-

1199 2405 1369 2439 neficentia
1388 2411 1417 2437 et
1436 2404 1657 2437 misericordia
1671 2415 1747 2446 erga
1760 2413 1933 2447 pauperes,

1199 2461 1284 2491 tanta
1302 2458 1464 2491 saeviebat.
1480 2457 1675 2489 abstinentia
1699 2462 1732 2489 et
1756 2457 1932 2499 asperitate

1198 2518 1307 2544 contra
1332 2522 1365 2544 se
1391 2511 1508 2553 ipsum.
1536 2510 1639 2543 Semel
1665 2509 1696 2542 in
1729 2509 1779 2542 die
1805 2509 1876 2542 cibo
1901 2514 1933 2542 et

1198 2565 1330 2607 quidem
1355 2564 1544 2607 parcissimo
1570 2564 1730 2602 utebatur,
1748 2573 1844 2605 quem
1869 2561 1931 2594 sibi

1198 2628 1235 2651 eo
1260 2617 1414 2650 libentius
1441 2616 1643 2657 detrahebat,
1665 2626 1727 2659 quo
1745 2614 1929 2648 affluentius

1933 249 1981 275 An.
2002 249 2032 275 C.
2055 249 2116 277 1691

1964 2356 2096 2378 Abstinentia
2105 2357 2127 2378 et

1942 2384 2057 2410 asperitas,
