2227 3225
113 280 159 305 Au.
180 279 206 303 Γ..
234 278 293 304 1·Ὰῖ31

139 973 205 993 Ωιι-[τ
222 972 256 993 lv.

134 1001 162 1020 Ili·
175 1000 242 1021 inuito.
254 1005 289 1025 01³⁴

106 1033 132 1053 po
147 1029 234 1047 *mutatu
268 1029 289 1046 et

118 1053 275 1073 conditionibus

106 1081 182 1105 qumi„
198 1077 383 1099 anm-mam
410 1066 622 1110 imponimus,
647 1078 688 1099 ne
721 1071 834 1110 pereat
858 1065 1034 1109 aliquando

106 1107 189 1132 quenda
207 1106 289 1127 redoni-

106 1136 159 1159 pluo,

299 1172 495 1215 quandoque
520 1178 628 1216 potest
652 1173 805 1205 iacturam
830 1171 895 1215 pati
910 1171 1034 1203 redem-

896 277 1103 300 txxotsstTNTtt's

306 326 425 359 tionem
451 326 661 369 praedictmn,
681 327 738 358 sub
764 326 877 359 eodem
906 329 1061 357 terwanss

305 389 355 410 tur
375 385 548 422 praecepto
573 380 700 412 deferre
724 379 763 411 ad
789 379 893 422 ipsum
919 378 1038 421 capitu-

304 432 368 465 lum
395 432 489 465 aliam
520 432 656 466 similem
689 433 727 465 ad
756 432 895 465 litteram
926 431 965 464 ab
991 430 1037 463 eis

302 484 427 526 pariter
450 485 635 518 authentice
665 485 834 518 deductam
860 494 895 517 ex·
922 484 1036 516 eodem

303 537 386 569 libro
412 538 525 571 maiori
545 531 887 582 depositigeneraliffi
906 542 950 577 ut,
970 537 1036 569 col-

302 590 365 622 lata
391 590 452 623 ista
467 591 496 623 in
517 591 702 624 definitorio
723 601 793 623 cum
814 590 947 633 reliquis
965 600 1038 633 par-

302 644 478 683 cularibus,
506 650 535 677 et
552 644 730 688 perspectis
751 644 901 677 omuibus
926 653 1035 676 eorum

301 696 482 729 rationibus
500 703 531 729 et
548 697 882 741 coinputis‚appai·eat
899 696 1038 739 qualiter

301 749 385 781 inter
411 760 444 782 se
469 750 667 783 cohaereant
691 756 723 782 et
747 751 795 782 vel
822 749 900 782 fides
920 759 956 781 ac
974 749 1036 780 sol-

301 800 432 835 licitudo
459 802 601 835 omnium
623 802 840 845 redemptioni
858 801 1037 834 ministran-

302 853 378 886 tium
404 865 474 887 cum
502 855 595 888 laude
620 855 778 898 probetur
797 856 845 887 vel
871 854 1036 896 negligen-

301 907 343 940 tia
368 918 423 940 seu
449 909 539 941 labes
563 919 635 941 cum
668 908 841 940 securitate
868 906 1032 950 puniatur.

344 971 365 993 1.
397 961 460 994 Etsi
493 961 626 995 dilectio
658 962 781 994 nesciat
812 961 934 993 habere
968 970 1035 992 mo-

300 1014 384 1053 dum,
410 1014 477 1047 eius
503 1019 609 1047 tamen
636 1015 727 1058 operi
758 1014 888 1047 modum
915 1019 946 1046 et
972 1014 1035 1045 for-

301 1120 375 1152 dum
410 1120 633 1163 imprudenter
660 1120 850 1159 assumitur3
877 1119 922 1152 sic
949 1118 1034 1151 enim

300 1225 380 1268 ptio,
401 1226 426 1258 si
454 1237 490 1259 ea
516 1237 575 1269 per
599 1226 705 1258 media
729 1226 823 1265 bella,
838 1229 965 1268 pyratas
989 1230 1035 1257 at-

301 1288 364 1321 que
390 1278 487 1311 infida
511 1278 612 1311 maria
636 1278 813 1321 improvide
835 1277 920 1310 Ordo
938 1277 1036 1310 susci-

300 1331 378 1373 piat.
413 1331 494 1363 Hinc
529 1342 609 1373 ergo
640 1331 795 1373 magister
818 1329 947 1362 Ordinis
972 1330 1036 1373 pri-

301 1394 388 1415 mum
414 1394 527 1416 cavere
554 1384 653 1416 debet
678 1388 713 1414 ut
736 1383 792 1415 illa
816 1383 854 1414 ab
876 1382 1035 1416 eiusmodi

300 1436 470 1469 timoribus
493 1436 625 1469 omnino
652 1440 720 1467 tuta
744 1435 901 1478 procedat
927 1446 963 1468 ac
988 1446 1036 1468 se-

300 1499 388 1529 cura,
408 1494 439 1521 et
454 1489 590 1522 ulterius
614 1493 649 1520 ut
673 1488 851 1521 infidelium
873 1489 962 1531 regio
976 1500 1033 1522 seu

300 1546 421 1574 tractus
458 1542 499 1574 sit
533 1542 680 1585 profecto
713 1542 850 1574 salubris
881 1547 910 1574 et
946 1535 1053 1575 nulla

299 1595 494 1637 contagione
511 1595 673 1634 laborans,
690 1595 826 1634 ne,dum
836 1595 1034 1638 captivosre-

299 1648 408 1681 fovere
443 1648 628 1691 pergimus,
663 1659 680 1680 a
705 1653 809 1680 morte
833 1649 882 1680 vel
909 1649 1032 1681 furibus

298 1701 526 1744 praecludatur
550 1701 718 1733 charitatis
744 1701 894 1734 intentio.

344 1764 378 1786 u.
406 1754 460 1786 llis
486 1754 595 1796 itaque
627 1753 712 1786 bene
744 1758 933 1797 matureque
959 1765 1032 1797 pro—

299 1807 431 1849 spectis,
449 1806 602 1849 quoniam
617 1806 709 1838 etiam
729 1806 858 1839 aliunde
884 1807 1033 1840 nolumus

299 1859 542 1902 redemptiones
578 1858 708 1901 aggredi
745 1859 815 1891 sine
852 1859 1032 1892 sufficiente

299 1912 444 1951 collecta,
470 1912 589 1944 idcirco
615 1912 832 1955 praecipimus
852 1922 893 1944 ne
910 1913 1033 1956 capitu-

299 1967 364 1999 lum
390 1971 445 1998 aut
468 1965 620 2007 magister
644 1975 697 1997 eas
720 1975 778 2007 pro
804 1965 896 1998 libito
923 1965 1033 1998 decer-

299 2024 386 2058 nant,
413 2018 474 2051 nisi
500 2028 571 2050 cum
598 2017 765 2049 facultates
797 2023 971 2061 suppetant
995 2019 1032 2050 ad

299 2076 532 2114 congruentem
547 2080 728 2108 numerum,
746 2081 785 2102 ne
804 2071 878 2103 dum
900 2071 1032 2113 exiguos

301 2125 416 2158 crebro
441 2123 625 2167 peragimus
649 2128 794 2165 sumptus
820 2128 852 2155 et
873 2133 1033 2167 expensae

300 2177 428 2221 saepius
451 2177 583 2209 iteratae
609 2175 715 2219 potius
741 2176 873 2219 captivis
898 2183 1032 2209 noceant

301 2241 396 2273 quam
422 2228 604 2272 proficiant.

345 2292 393 2315 111.
421 2282 481 2314 Per
512 2281 575 2315 hoc
606 2287 711 2314 tamen
744 2291 808 2313 non
837 2280 1035 2313 intendimus

302 2344 410 2367 casum
435 2333 523 2366 illum
549 2333 721 2366 excludere
746 2343 810 2376 quo
837 2333 875 2366 ad
897 2334 1035 2376 qualem-

302 2397 442 2430 cumque
467 2387 725 2429 redemptionem
756 2387 931 2429 aliquando
962 2397 1036 2429 pro-

304 2449 418 2483 perare
443 2439 682 2482 compellimur,
710 2439 784 2471 dum
806 2440 887 2471 nova
905 2439 1036 2471 insolite

305 2497 336 2525 et
361 2492 491 2534 speciali
518 2491 690 2524 acerbitate
714 2491 893 2524 infidelium
926 2493 1036 2534 plures

305 2548 394 2577 certo
419 2544 535 2576 scimus
556 2544 588 2576 in
614 2544 797 2586 ingentibus
821 2544 940 2576 versari
955 2544 1039 2587 peri-

306 2597 386 2630 culis
410 2596 567 2639 valdeque
588 2597 733 2639 indigere
757 2597 981 2641 redemptione
1008 2603 1038 2630 et

1710 270 1773 300 051⁸»

1129 278 1172 300 xu
1198 279 1245 301 re.

1080 327 1155 359 huic
1180 328 1275 359 ctiam
1302 327 1483 360 necessitati
1509 327 1732 359 desiderantes
1758 339 1811 359 oc-

1079 390 1220 420 currere,
1246 380 1400 423 magistro
1432 380 1576 423 generali
1602 380 1809 418 consulimus,

1078 439 1120 471 ut,
1151 446 1184 466 re
1218 439 1340 466 mature
1372 434 1534 477 inspecta,
1565 432 1663 475 eligat
1691 432 1810 475 ubique

1079 488 1164 529 quod
1191 487 1248 519 sibi
1276 487 1390 520 melius
1415 486 1568 529 expedire
1594 485 1749 517 videatur.

1123 550 1166 573 iv.
1198 539 1470 582 Quandocumque
1504 543 1611 571 autem
1644 537 1734 570 firma
1759 538 1811 569 de-

1078 598 1167 625 creto
1201 597 1318 625 statuta
1343 592 1442 624 fuerit
1475 590 1675 634 redemptio,
1703 589 1810 623 statim

1078 650 1308 688 procuratores
1343 644 1511 687 generales
1545 643 1630 677 illius
1656 643 1687 675 in
1712 643 1811 685 regiis

1078 699 1174 730 curiis
1192 699 1370 731 residentes
1396 697 1504 730 omnia
1529 696 1743 729 instrumenta
1766 706 1811 729 re-

1077 753 1162 794 galia
1187 752 1303 795 quibus
1329 761 1409 795 opus
1436 751 1533 783 fuerit
1557 750 1596 783 ad
1618 749 1810 792 redemptio-

1077 816 1148 838 nem
1175 805 1397 838 instruendam
1424 803 1483 836 rite
1509 803 1570 835 sibi
1589 803 1812 846 expediantet

1076 863 1303 897 commeatum,
1328 858 1422 899 vulgo
1441 855 1672 889 salvocondono
1693 865 1812 888 nuncu-

1076 916 1196 952 patum,
1214 911 1253 943 ab
1278 910 1456 943 infidelium
1483 909 1640 951 principe,
1665 908 1697 940 in
1722 907 1810 940 cuius

1076 964 1199 996 ditione
1225 963 1351 1006 agenda
1369 967 1416 995 est
1434 962 1622 1005 redemptio,
1641 960 1809 994 confestim

1077 1022 1108 1050 et
1131 1017 1306 1059 diligenter
1325 1016 1538 1049 obtinendum
1564 1019 1699 1054 curent;
1726 1024 1808 1057 quae

1075 1070 1183 1102 omnia
1201 1069 1309 1102 debita
1327 1069 1427 1102 forma
1445 1079 1503 1102 suo
1519 1073 1664 1111 tempore
1682 1067 1810 1100 tradan-

1077 1128 1125 1155 tur
1149 1122 1423 1165 redemptoribus.

1119 1186 1149 1208 v.
1176 1175 1235 1208 Sex
1261 1180 1334 1208 ante
1359 1173 1534 1213 mensibus,
1558 1183 1650 1216 quam
1669 1171 1811 1216 proticis-

1077 1235 1166 1262 catur
1189 1228 1378 1271 redemptio,
1406 1227 1459 1259 tiat
1484 1227 1551 1259 eius
1576 1226 1679 1269 prima
1702 1225 1811 1268 publi-

1076 1283 1158 1316 catio
1183 1292 1240 1325 per
1263 1286 1491 1325 procuratores
1509 1279 1676 1322 generales
1694 1288 1811 1321 appen-

1076 1337 1118 1368 sis
1145 1335 1282 1378 publieis
1308 1333 1436 1366 tabellis
1460 1333 1629 1376 impressis
1654 1331 1686 1364 in
1711 1331 1811 1364 omni-

1076 1389 1136 1421 bus
1171 1388 1357 1421 civitatibus
1394 1392 1426 1419 et
1459 1385 1588 1428 oppidis
1626 1383 1810 1427 praecipuis

1076 1452 1249 1484 regnorum
1274 1440 1360 1473 unde
1386 1439 1499 1472 eadem
1525 1438 1566 1470 sit
1588 1436 1746 1470 mittenda
1758 1446 1810 1469 re-

1075 1495 1148 1527 dem
1162 1495 1232 1527 itio.

1118 1506 1161 1572 v1i
1194 1537 1336 1571 Subinde
1368 1535 1595 1569 constituimus
1626 1539 1660 1566 ut
1684 1532 1808 1566 duobus

1075 1591 1237 1625 mensibus
1270 1595 1343 1623 ante
1375 1587 1608 1631 redemptionis
1643 1596 1808 1628 egressum

1075 1645 1106 1677 in
1132 1644 1281 1678 omnibus
1307 1643 1519 1676 conventibus
1543 1639 1730 1684 provinciae
1755 1644 1810 1671 aut

1074 1696 1312 1740 provinciarum
1333 1705 1350 1727 a
1367 1694 1483 1738 quibus
1504 1693 1675 1736 expeditur
1692 1692 1746 1724 ssat
1766 1692 1809 1724 iu-

1074 1751 1261 1784 deficienter
1284 1761 1302 1782 a
1327 1749 1478 1781 fratribus
1494 1747 1649 1781 solemnis
1666 1746 1810 1789 publica-

1075 1805 1118 1837 tio
1144 1815 1214 1837 cum
1240 1802 1449 1846 processione
1480 1811 1540 1844 per
1571 1800 1730 1832 civitatem
1755 1804 1810 1831 aut

1075 1859 1190 1896 locum,
1218 1856 1328 1888 habita
1353 1855 1443 1898 prius
1463 1853 1621 1887 concione
1647 1852 1684 1885 ad
1710 1861 1811 1894 popu-

1075 1912 1149 1949 lum,
1165 1910 1197 1942 in
1212 1920 1285 1952 qua,
1296 1908 1375 1941 sicut
1392 1908 1464 1940 etin
1481 1905 1647 1940 schedulis
1664 1915 1724 1948 per
1738 1905 1809 1936 loca

1074 1963 1204 2006 publica
1229 1961 1337 2001 affixis,
1359 1960 1567 2003 publicentur
1585 1957 1810 1999 indulgentiae

1075 2015 1192 2049 nostris
1211 2013 1430 2047 confratribus
1449 2021 1624 2045 concessae
1639 2011 1678 2043 ad
1693 2010 1810 2043 dictam

1074 2069 1314 2112 processionem
1341 2071 1372 2099 et
1391 2065 1645 2109 publicationem
1659 2075 1809 2108 persona-

1075 2122 1148 2154 liter
1172 2119 1421 2158 adsistentibus,
1448 2119 1567 2161 pieque
1599 2118 1696 2150 etiam
1728 2119 1802 2151 refe·

1074 2179 1185 2206 rantur
1209 2172 1410 2215 captivorum
1432 2171 1560 2203 labores
1577 2176 1607 2203 et
1623 2181 1808 2203 aerumnae.

1078 2228 1159 2260 [laec
1185 2231 1292 2259 autem
1324 2224 1434 2258 omnia
1458 2229 1492 2256 ut
1515 2229 1640 2257 mature
1665 2229 1810 2266 tempore

1074 2280 1239 2324 praedicto
1257 2290 1274 2311 a
1292 2277 1613 2312 commendatoribus
1628 2278 1811 2320 complean-

1076 2340 1137 2373 tur,
1162 2343 1217 2367 eos
1242 2333 1285 2365 ita
1309 2336 1493 2375 opportune
1518 2332 1556 2364 de
1582 2331 1669 2364 exitu
1686 2332 1810 2364 redem-

1076 2386 1193 2430 ptionis
1219 2385 1436 2429 provinciales
1461 2385 1674 2424 admoneant,
1700 2390 1735 2417 ut
1758 2395 1812 2428 pu-

1076 2438 1209 2472 blicatio
1235 2438 1290 2470 siat
1313 2438 1409 2470 veluti
1435 2437 1645 2480 praedicitur.

1120 2502 1176 2524 vu.
1204 2490 1530 2524 Commendatoribus
1555 2500 1631 2522 vero
1653 2489 1813 2533 praecipi-

1079 2554 1156 2583 mus,
1175 2549 1218 2582 ut,
1241 2549 1386 2586 tempore
1404 2543 1498 2575 huius
1520 2542 1760 2585 publicationis,
1781 2548 1813 2574 et

1078 2607 1137 2639 per
1162 2601 1263 2629 totum
1281 2596 1367 2628 diem
1386 2601 1439 2627 aut
1456 2596 1534 2635 dies,
1556 2596 1581 2627 si
1599 2605 1680 2638 opus
1706 2595 1810 2633 fuerit,

305 2649 433 2685 solatio.
460 2649 548 2690 Quod
574 2650 648 2694 quia
673 2660 738 2683 non
763 2651 861 2683 semel
887 2649 1036 2695 contigit,
1081 2650 1193 2683 fratres
1218 2648 1344 2692 aliquos
1372 2649 1555 2692 designent,
1585 2647 1639 2693 qui
1671 2648 1813 2681 eleemo-

1821 279 1869 303 i'tn.
1886 278 1913 303 (ἶ.
1937 275 1998 302 Ηὶθὶ
