2254 3225
220 188 268 217 Αη.
285 190 314 217 c.
336 189 398 217 ⁴691
448 182 511 215 ,⁶31ss

456 250 490 272 u.
510 240 641 273 Cursum
663 252 738 275 vero
757 243 909 287 incipiant
933 255 950 277 a
975 245 1027 278 die
1052 246 1143 278 Exal-

411 292 540 326 tationis
565 294 595 327 S.
619 294 734 335 Crucis,
756 307 856 340 usque
881 298 920 330 ad
947 298 1061 331 festum
1083 299 1143 331 Na-

410 344 541 379 tivitatis
564 348 663 380 sancti
689 349 813 382 loannis
839 350 1009 393 Baptistae,
1036 362 1052 384 a
1078 362 1141 394 quo

410 397 461 430 die
487 409 590 442 usque
616 401 654 434 ad
680 401 806 435 initium
831 404 963 436 alterius
989 405 1139 438 curriculi

408 452 680 486 intermissionem
699 455 916 495 concedimus,
931 462 965 489 utv
978 458 1140 491 auditores

407 502 467 536 hoc
491 510 638 547 tempore
663 517 735 539 cum
760 509 891 541 lectoris
909 510 1026 542 auxilio
1047 521 1139 553 prae-

407 556 514 589 terea¹
540 558 726 599 reminisci,
753 566 784 592 et
807 561 891 594 inter
925 573 958 595 se
993 564 1140 596 conferre

404 609 542 642 valeant.
568 610 720 649 Quocirca
745 614 959 647 conferentias
978 615 1028 647 his
1045 616 1140 648 etiam

404 661 494 693 seriis
520 663 664 705 quotidie
690 665 792 697 lector
809 677 881 699 cum
898 667 962 700 illis
979 673 1138 701 exerceat.

403 714 552 747 Formam
578 717 707 757 legendi
743 718 788 750 sic
824 729 892 752 esse
924 720 1139 761 decernimus,

403 772 440 799 ut
464 767 496 800 in
518 769 667 811 quolibet
684 770 734 803 die
752 772 880 812 lectivo,
900 776 1034 817 accepta
1051 774 1139 816 prius

403 830 420 852 a
445 820 612 864 discipulis
639 823 778 856 lectione
804 826 1020 866 praecedenti,
1046 837 1139 859 mane

403 877 435 904 et
459 883 593 916 vespere
618 875 727 917 legant
752 886 809 918 per
834 887 928 910 unam
950 878 1088 919 horam,
1109 885 1141 912 et

402 935 461 967 per
485 925 659 965 dimidiam,
686 938 768 969 quae
794 929 945 971 legerint,
962 936 1136 973 exponant.

400 977 486 1009 Hora
512 983 617 1010 autem
642 982 806 1019 consueta,
835 987 866 1013 et
892 992 908 1013 a
932 984 1139 1016 commenda-

401 1033 469 1061 tore
495 1034 526 1061 et
549 1036 681 1071 regente
699 1031 901 1073 praestituta,
921 1034 1138 1067 conferentias

401 1081 517 1114 diebus
544 1083 681 1125 singulis
712 1084 781 1116 sine
815 1085 1056 1127 dispensatione
1082 1088 1139 1119 ha-

398 1134 509 1174 beant,
529 1140 562 1167 et
578 1136 805 1169 conclusiones
831 1140 929 1171 semel
956 1138 986 1170 in
1013 1139 1139 1173 hebdo-

398 1187 513 1227 mada,
539 1198 611 1219 cum
637 1188 734 1220 totius
766 1189 901 1222 scholae
934 1191 1136 1233 assistentia,

398 1239 530 1272 minime
563 1246 782 1282 praetereant.
820 1242 853 1274 In
886 1244 1033 1286 quolibet
1061 1256 1137 1279 vero

398 1292 561 1325 curriculo
578 1303 676 1325 unum
695 1294 731 1326 ad
751 1294 857 1326 minus
882 1306 918 1327 ex
937 1297 1137 1330 auditoribus

397 1343 500 1385 magis
525 1344 679 1377 idoneum
705 1345 743 1377 ad
762 1346 928 1388 publicum
954 1353 1060 1381 actum
1086 1360 1137 1382 ac-

398 1396 536 1438 cingant,
556 1401 586 1429 et
603 1397 763 1437 defendat,
783 1403 815 1430 et
829 1399 867 1431 ad
885 1400 1033 1442 publicos
1048 1408 1137 1435 extra

397 1447 550 1481 Ordinem
566 1449 661 1482 etiam
681 1450 910 1484 indeficienter
930 1455 1133 1487 conveniant.

442 1511 489 1534 111.
509 1501 656 1534 Lectores
674 1507 783 1535 autem
797 1504 981 1547 theologiae
997 1511 1027 1538 et
1040 1518 1134 1541 mane

398 1558 430 1585 et
453 1564 587 1596 vespere
612 1565 740 1597 semper
767 1566 863 1588 unam
889 1558 1001 1590 horam
1031 1559 1063 1592 in
1091 1561 1135 1594 le-

398 1607 504 1648 gendo
523 1611 553 1639 et
566 1608 760 1649 exponendo
774 1609 945 1642 lectionem
960 1611 1135 1653 insumant,

397 1658 610 1691 conferentiis
629 1660 773 1702 quotidie
793 1661 961 1702 habendis,
981 1664 1061 1696 etin
1081 1666 1135 1698 ali-

397 1713 459 1753 qua
483 1722 518 1744 ex
539 1722 651 1744 eorum
669 1713 810 1745 materiis
827 1716 949 1748 alterne
967 1719 1132 1751 versandis

397 1774 507 1796 omnes
521 1765 680 1804 intersint,
696 1766 882 1799 sabbatinas
899 1768 1134 1811 disputationes

396 1816 428 1848 in
454 1817 588 1858 singulis
620 1818 805 1860 septimanis
840 1820 992 1861 habeant,
1020 1823 1132 1865 eisque

395 1868 643 1911 indispensabili
670 1871 884 1904 alternatione
910 1874 1131 1915 praesideant.

396 1920 431 1952 ln
462 1921 606 1962 quolibet
641 1923 735 1954 etiam
772 1925 934 1957 curriculo
970 1927 1133 1969 publicum

396 1977 501 2005 actum
527 1974 690 2007 instruant
724 1981 752 2008 et
790 1977 986 2018 defendant,
1009 1990 1069 2012 nec
1094 1983 1133 2014 ab

396 2026 556 2058 extraneis
580 2037 722 2069 unquam
749 2029 871 2069 abesse,
891 2035 921 2062 et
947 2031 978 2063 in
998 2032 1059 2064 illis
1085 2044 1135 2065 ar-

396 2088 495 2119 guere
535 2080 816 2121 praetermittant,
866 2084 1133 2128 quotiescumque

395 2130 474 2172 ipsis
500 2132 655 2164 servanda
679 2133 761 2165 ratio
779 2133 1009 2168 vicissitudinis
1029 2137 1135 2169 obtin-

397 2187 462 2224 gat.
483 2182 616 2215 Cursum
642 2184 827 2227 theologiae
848 2186 1004 2229 incipiant
1028 2198 1045 2220 a
1069 2189 1135 2231 pri-

396 2236 448 2266 ma
473 2234 525 2267 die
547 2240 621 2277 post
645 2236 761 2268 festum
786 2237 817 2270 S.
838 2238 954 2278 Lucae,
973 2245 1004 2272 et
1028 2251 1133 2283 usque

396 2287 435 2320 ad
461 2287 655 2320 dominicam
692 2289 744 2320 SS.
773 2289 936 2323 Trinitatis
968 2292 1038 2324 sine
1068 2294 1132 2326 ulla

395 2340 640 2373 intermissione
665 2342 796 2383 legant:
825 2343 865 2375 ita
890 2349 998 2377 tamen
1017 2350 1052 2376 ut
1068 2357 1134 2379 ma-

397 2392 513 2425 teriam
540 2403 671 2436 semper
696 2397 895 2438 compleant.

441 2456 483 2478 1v.
520 2446 553 2478 In
591 2447 762 2487 doctrina,
801 2450 882 2491 stylo
919 2456 951 2482 et
976 2451 1133 2484 electione

396 2497 549 2529 materiae
568 2509 697 2541 semper
715 2500 811 2533 dehet
828 2501 931 2534 lector
955 2513 987 2534 se
1007 2504 1133 2535 confor-

431 2558 444 2584 1
468 2558 568 2585 Forsan
588 2561 746 2594 praeterita
766 2562 803 2596 (a.
821 2562 868 2597 T.).

982 197 1157 221 ammanium
1182 197 1335 222 ROMANUM

1185 256 1274 278 mare
1299 246 1533 288 discipulorum
1559 247 1744 280 necessitati
1770 252 1802 281 et
1829 249 1920 291 inge-

1184 299 1249 337 nio,
1267 299 1310 330 ita
1334 303 1370 330 ut
1393 309 1448 331 eos
1473 299 1575 342 magis
1592 300 1724 334 utilibus
1750 306 1781 334 et
1805 301 1920 335 intelli-

1184 351 1337 392 gibilibus
1361 351 1500 384 imbuat:
1527 362 1544 385 a
1568 353 1740 396 superfluis
1764 359 1795 387 et
1819 354 1918 387 inani-

1183 403 1242 435 bus
1267 404 1401 437 omnino
1426 405 1598 439 abstineat.
1630 407 1716 441 Sciat
1749 408 1861 451 utique
1886 409 1917 441 in

1184 457 1325 499 antiquis
1363 468 1433 490 esse
1469 459 1673 502 sapientiam,
1711 471 1748 494 ac
1782 462 1918 505 proinde

1183 519 1294 541 vocum
1320 510 1518 544 novitatibus
1543 523 1609 545 non
1635 513 1823 555 adhaereat,
1859 526 1920 548 nec

1184 562 1356 604 opiniones
1383 573 1399 594 a
1424 564 1586 596 communi
1613 575 1709 598 sensu
1736 566 1844 599 devias
1869 577 1920 600 se-

1183 619 1298 653 ctetur,
1316 616 1432 657 longos
1458 620 1609 650 tractatus
1638 627 1804 661 nunquam
1829 618 1919 651 insti-

1183 671 1262 706 tuat,
1288 668 1343 700 sed
1370 678 1426 700 eos
1453 669 1495 701 ita
1520 670 1604 703 clare
1629 675 1662 703 et
1688 671 1832 705 breviter
1865 672 1919 706 ab·

1183 720 1297 759 solvat,
1314 725 1349 751 ut
1363 720 1394 752 in
1410 721 1547 764 singulis
1565 722 1732 756 curriculis
1749 724 1918 759 materiam

1183 772 1326 814 perfecte
1352 773 1445 806 finire
1469 775 1585 807 valeat.

1227 835 1256 857 v.
1283 824 1446 858 Universis
1472 826 1647 861 lectoribus
1676 829 1769 862 enixe
1795 830 1920 872 praeci-

1182 877 1297 919 pimus,
1314 882 1364 918 ut,
1386 878 1472 910 iuxta
1493 879 1624 923 antiqua
1640 880 1768 914 Ordinis
1789 882 1920 915 decreta

1182 930 1311 973 saepius
1328 930 1360 962 in
1382 930 1533 974 capitulis
1558 933 1769 974 generalibus
1793 934 1917 974 iterata,

1182 993 1309 1025 semper
1332 983 1364 1015 in
1386 983 1534 1016 omnibus
1553 989 1584 1016 et
1601 995 1660 1027 per
1676 986 1783 1018 omnia
1799 987 1919 1019 doctri-

1182 1045 1253 1067 nam
1279 1035 1342 1067 divi
1361 1035 1501 1068 Thomae
1527 1037 1704 1070 secundum
1730 1048 1862 1071 sensum
1887 1044 1918 1071 et

1182 1086 1420 1129 expositionem
1447 1088 1676 1121 themistarum
1709 1089 1753 1122 ita
1773 1090 1917 1129 doceant,

1181 1144 1227 1178 ut,
1247 1139 1272 1170 si
1296 1138 1327 1171 in
1354 1138 1463 1182 aliquo
1487 1139 1526 1172 ab
1552 1142 1589 1172 ea
1613 1141 1819 1182 recesserint,
1847 1142 1918 1186 ipso

1181 1191 1264 1223 sacto
1289 1191 1497 1233 provincialis
1518 1202 1572 1225 eos
1593 1193 1717 1226 lectura
1741 1194 1916 1236 destituat;

1180 1243 1316 1276 maxime
1342 1248 1448 1276 tamen
1475 1245 1646 1285 studeant,
1672 1251 1708 1278 ut
1742 1246 1828 1279 circa
1851 1257 1919 1290 my-

1180 1296 1311 1328 sterium
1330 1296 1559 1339 Conceptionis
1585 1298 1791 1331 beatissimae
1816 1299 1918 1342 Virgi-

1179 1348 1229 1380 nis
1253 1348 1370 1381 Mariae
1395 1359 1526 1391 semper
1548 1350 1629 1383 illud
1648 1351 1679 1382 in
1697 1361 1766 1383 eam
1791 1356 1915 1394 partem

1180 1405 1209 1432 et
1236 1411 1363 1433 sensum
1389 1401 1567 1444 suscipiant
1587 1407 1618 1435 et
1635 1408 1810 1446 exponant,
1830 1405 1915 1437 unde

1179 1453 1319 1486 nitorem
1344 1454 1412 1486 eius
1437 1460 1468 1486 et>
1492 1454 1728 1488 immunitatem
1763 1457 1802 1489 ab
1828 1457 1916 1489 omni

1179 1507 1251 1538 labe
1278 1506 1452 1539 didicimus
1478 1512 1509 1539 et
1533 1507 1736 1550 profitemur.

1221 1569 1265 1591 vi.
1292 1559 1464 1591 Statuimus
1490 1560 1597 1600 etiam,
1632 1565 1669 1593 ut
1704 1561 1736 1593 in
1773 1561 1917 1604 qualibet

1178 1611 1273 1644 domo
1300 1612 1396 1644 totius
1418 1611 1556 1651 Ordinis,
1577 1613 1626 1645 vel
1651 1613 1749 1645 etiam
1774 1614 1915 1656 collegio

1176 1665 1228 1696 ubi
1267 1664 1371 1706 vigeat
1409 1664 1583 1707 disciplina
1618 1665 1822 1708 theologiae,
1851 1667 1915 1699 duo

1177 1718 1314 1749 lectores
1332 1717 1480 1749 matutini
1497 1727 1625 1760 semper
1638 1719 1749 1760 legant
1765 1719 1915 1751 materias

1177 1770 1360 1812 theologiae
1375 1770 1596 1802 scholasticae:
1611 1771 1725 1803 tertius
1736 1782 1813 1804 vero
1826 1772 1915 1804 theo.

1176 1823 1280 1865 logiae
1306 1822 1446 1861 moralis,
1473 1822 1669 1855 scholastico
1690 1828 1796 1856 tamen
1813 1834 1913 1864 more,

1177 1879 1347 1906 tractatum
1380 1875 1429 1906 vel
1463 1875 1630 1907 materiam
1659 1875 1831 1908 subcursus
1864 1887 1914 1909 re-

1177 1926 1370 1969 probatione
1396 1926 1545 1958 instruat,

1219 1989 1275 2011 vu.
1302 1979 1452 2011 Lectores
1479 1984 1542 2011 tam
1568 1980 1684 2012 artium
1710 1990 1804 2023 quam
1822 1981 1913 2014 theo-

1178 2032 1282 2073 logiae
1308 2041 1436 2073 semper
1460 2031 1492 2063 in
1517 2033 1591 2064 aula
1614 2033 1665 2064 vel
1691 2034 1761 2065 loco
1779 2033 1911 2075 publico

1177 2085 1301 2126 legant;
1321 2084 1407 2126 quod
1426 2084 1449 2115 si
1470 2094 1561 2116 secus
1580 2084 1727 2124 fecerint,
1750 2085 1912 2119 curricula

1177 2147 1286 2169 eorum
1325 2142 1356 2168 et
1389 2146 1490 2169 annos
1526 2147 1591 2169 non
1628 2137 1845 2180 approbamus
1871 2138 1911 2171 ad

1177 2188 1336 2220 meritum.

1220 2252 1286 2274 vui.
1307 2241 1347 2273 Ut
1364 2246 1467 2273 autem
1486 2241 1589 2274 omnis
1607 2243 1720 2281 lector,
1739 2243 1811 2275 dum
1826 2243 1908 2275 actui

1176 2294 1322 2327 lectionis
1344 2294 1512 2334 incumbit,
1532 2294 1640 2338 inopia
1665 2296 1819 2338 temporis
1844 2306 1911 2329 non

1175 2347 1322 2385 laboret,
1356 2346 1559 2378 decernimus
1593 2352 1627 2379 ut
1663 2352 1729 2380 toto
1765 2348 1908 2381 lecturae

1175 2403 1323 2441 tempore
1349 2399 1388 2430 sit
1414 2399 1546 2431 omnino
1580 2399 1662 2431 liber
1694 2401 1733 2432 ab
1759 2400 1910 2433 assisten-

1176 2451 1217 2483 tia
1237 2452 1347 2490 chori,
1371 2456 1598 2494 praeterquam
1626 2452 1738 2484 diebus
1764 2453 1852 2486 festis
1878 2460 1909 2487 et

1175 2504 1434 2536 solemnitatibus
1470 2514 1486 2535 a
1526 2504 1668 2537 lectione
1711 2505 1832 2538 feriatis
1868 2507 1909 2539 ad

1176 2557 1306 2589 missam
1342 2557 1496 2589 maiorem
1534 2562 1563 2589 et
1602 2568 1778 2601 vesperas,
1804 2565 1835 2592 et
1869 2561 1908 2592 ad

1914 201 1969 229 An.
1985 201 2015 230 C.
2037 202 2104 230 ¹69¹
