2254 3225
216 256 263 285 Au.
282 253 308 283 C.
333 253 397 282 1697
445 243 508 278 8022

407 300 688 335 administratores
726 296 916 332 eorumdem
950 296 1143 340 prohibere-

409 359 483 395 tur,
510 353 586 387 ideo
613 353 796 387 ordinatum
822 355 917 394 atque
943 347 1142 382 stabilitum¹

410 407 511 440 suerat
543 406 633 440 utin
665 406 717 439 his
747 403 876 438 casibus
901 402 1144 436 continuaretur

408 461 590 495 institutum
614 457 813 493 inserviendi
837 455 975 489 infirmis
1001 465 1075 487 cum
1099 463 1145 486 as-

410 514 557 548 sistentia
582 513 696 547 diurna
714 516 745 544 et
769 511 928 543 nocturna
944 508 975 540 in
995 506 1142 540 domibus

409 568 609 613 privatorum
624 576 660 598 ac
678 563 875 601 carceribus,
899 566 930 594 et
950 560 1144 602 ubicumque

411 632 493 666 opus
518 619 650 653 suisset:
677 623 709 650 et
732 617 765 649 in
797 615 911 648 eadem
943 611 1145 656 expositione

411 674 607 712 subiuncto,
628 670 715 714 quod
740 667 987 701 constitutiones
1013 664 1145 708 quidem

410 727 595 772 praedictae
611 729 744 758 eatenus
755 720 916 755 servatae‘z
930 720 1064 758 fuerant,
1083 727 1146 750 ser-

413 781 522 815 vitium
541 789 617 813 vero
642 783 674 811 et
697 775 876 810 residentia
895 774 928 807 in
949 770 1146 805 nosocomiis

410 832 598 868 huiusmodi
613 830 744 864 omnino
762 831 949 866 cessaverat,
971 836 1041 865 nec,
1057 834 1146 868 prae-

411 891 461 919 ter
477 886 647 925 Ianuense,
665 884 766 916 ullum
785 879 1009 915 nosocomium
1034 877 1071 910 ad
1098 887 1147 909 cn-

411 950 477 973 ram
498 938 726 980 religiosorum
752 935 855 968 dictae
881 929 1147 974 Congrcgationis

410 996 621 1030 remanserat,
641 1000 676 1022 ac
692 988 830 1033 proinde
848 987 960 1019 fratres
977 983 1062 1024 laici,
1080 982 1148 1026 qui-

411 1046 470 1079 bus
501 1055 582 1078 onus
617 1041 862 1076 misericordiae
895 1037 1076 1082 corporalis
1100 1036 1148 1069 in-

411 1098 568 1138 cumbaff,
591 1098 717 1130 nullum
742 1094 953 1138 praestabant
970 1090 1146 1130 servitium,

410 1152 471 1185 nisi
496 1149 746 1184 associationem
771 1146 1003 1183 sacerdotum,
1030 1143 1148 1187 quibus

412 1204 591 1239 secundum
616 1202 797 1235 institutum
815 1198 1033 1242 supradictum
1054 1206 1148 1240 prae-

412 1259 506 1303 cipua
530 1267 606 1290 cura
636 1253 810 1288 assistendi
843 1251 1070 1291 moribundis,
1097 1260 1150 1282 eo-

383 1341 386 1344 .
412 1322 546 1355 rumque
578 1309 759 1342 animarum
791 1307 927 1339 salutem
952 1302 1149 1348 procurandi

412 1364 579 1403 incumbit,
600 1363 764 1405 iidemque
790 1360 904 1392 fratres
929 1358 1002 1391 laici
1029 1357 1067 1389 ad
1093 1367 1151 1398 gn-

412 1418 561 1452 bernium
587 1416 749 1459 praefatae
770 1410 1037 1455 Congrcgationis
1059 1415 1152 1442 erant

413 1472 546 1506 omnino
571 1469 703 1502 inutiles
720 1495 727 1508 ,
755 1467 877 1510 quippe
913 1465 966 1508 qui
999 1464 1094 1496 rudes
1121 1469 1151 1495 et

413 1525 598 1558 litterarum
623 1520 766 1564 imperiti
801 1519 906 1552 aliena
942 1516 1095 1558 suffragia
1120 1520 1151 1548 et

415 1576 637 1611 auctoritatem
673 1584 768 1607 caeco
800 1571 957 1615 obsequio
986 1576 1021 1602 ut
1044 1569 1148 1612 pluri-

414 1642 501 1664 mum
537 1629 781 1672 sequebantur:
819 1625 905 1658 idem
943 1623 1152 1656 Innocentius

414 1684 660 1728 praedecessor,
675 1677 968 1723 supplicationibus
984 1675 1152 1708 memorati

414 1735 570 1781 praefecti
605 1733 767 1777 generalis
803 1731 934 1764 nomine
968 1729 1029 1762 sibi
1055 1739 1153 1772 super

416 1791 479 1823 hoc
504 1788 672 1822 humiliter
702 1785 861 1830 porrectis
894 1783 1092 1822 inclinatus,
1119 1786 1154 1813 ut

416 1843 455 1876 de
474 1847 582 1875 cetero
600 1841 707 1873 nullus
722 1840 819 1871 frater
833 1838 934 1871 laicus
953 1838 1056 1869 dictae
1074 1836 1154 1868 Con-

416 1894 616 1940 gregationis
643 1894 675 1926 in
701 1887 920 1925 consultorem
951 1890 1050 1933 ipsius
1076 1889 1155 1922 Con-

417 1948 616 1992 gregationis
635 1946 813 1988 eligeretur
838 1955 895 1976 seu
922 1948 1152 1982 assumeretur,

417 2004 471 2036 sed
509 2008 647 2045 quatuor
687 2000 892 2032 consultores
928 1995 1156 2038 Congregatio-

417 2057 466 2089 nis
489 2053 676 2088 huiusmodi
696 2062 809 2085 omnes
827 2062 862 2084 ex
885 2050 1082 2094 presbyteris
1105 2060 1156 2082 ex-

417 2119 531 2154 presse
550 2107 706 2151 prosessis
724 2105 869 2138 eiusdem
888 2103 1156 2146 Congregationis

418 2164 493 2205 eligi
520 2173 576 2195 seu
601 2160 719 2194 assumi
758 2159 936 2198 deberent,
963 2157 1155 2190 auctoritate

419 2216 599 2260 apostolica
623 2213 735 2247 statuit
760 2218 790 2245 et
815 2211 992 2244 ordinavit:
1013 2216 1044 2243 et
1061 2211 1154 2251 alias,

420 2275 517 2314 prout
538 2269 569 2300 in
597 2267 741 2300 eiusdem
765 2264 944 2298 Innocentii
966 2264 1158 2307 praedeces-

421 2323 503 2356 soris
530 2320 647 2354 litteris
683 2320 824 2361 desuper
858 2318 890 2349 in
927 2316 1024 2349 simili
1056 2317 1158 2349 forma

421 2376 529 2409 Brevis
552 2374 604 2407 die
622 2383 693 2406 xxxi
712 2371 837 2413 augusti
857 2379 1037 2403 tinctxxxiv
1062 2380 1158 2413 expe-

421 2431 505 2470 ditis,
523 2425 673 2472 quarum⁴
691 2430 836 2458 tenorem
854 2422 1082 2466 praesentibus
1096 2433 1156 2466 pro

456 2519 464 2543 1
491 2516 560 2542 Edit.
583 2513 660 2541 Μαίη.
680 2512 746 2547 legit
764 2511 913 2538 stabilium
929 2516 966 2544 (n.
983 2510 1031 2545 τ.).

455 2561 471 2587 2
492 2561 560 2586 Edit.
579 2559 656 2585 Mam.
679 2557 743 2591 legit
762 2559 875 2583 seruam
897 2558 930 2588 (n,
947 2555 997 2585 T.).

456 2608 471 2633 3
493 2606 592 2632 Forsan
614 2601 754 2629 *incumbit
777 2600 814 2626 vel
836 2599 1015 2626 inemnhebal
1035 2599 1071 2632 (R.
1089 2600 1137 2632 T.).

456 2651 472 2678 4
492 2650 562 2677 Edit.
575 2649 653 2675 Maia.
668 2647 731 2682 legit
748 2653 832 2681 quam
848 2652 895 2680 pro
912 2652 1037 2679 quaram
1054 2649 1086 2676 (n.
1105 2644 1153 2680 Τ.).

988 247 1163 272 BL'LLARIUM
1187 246 1340 271 ROMANUM

1183 296 1281 339 plene
1299 299 1331 328 et
1349 293 1548 329 sufficienter
1573 304 1728 339 expresso
1746 301 1776 328 et
1792 295 1916 329 inserto

1185 348 1298 381 haberi
1318 348 1475 389 volumus,
1495 348 1630 382 uberius
1650 349 1848 382 continetur.

1229 402 1243 445 ξ
1268 401 1298 434 2.
1325 401 1401 435 Cum
1436 406 1542 435 antem
1568 402 1677 445 (sicut
1710 401 1916 446 accepimus)

1185 454 1300 487 iisdem
1321 455 1502 488 rationibus
1517 456 1657 496 attentis,
1675 460 1808 498 propter
1828 467 1918 499 quas,

1186 507 1267 539 sicut
1290 507 1530 551 praemittitur,
1560 507 1772 540 interdictum
1798 508 1854 540 suit
1878 519 1918 541 ne

1187 560 1301 592 fratres
1337 560 1410 593 laici
1447 560 1550 593 dictae
1589 559 1853 603 Congregationis
1888 561 1920 594 in

1187 614 1391 646 consultores
1416 613 1515 656 ipsius
1536 612 1805 655 Congregationis
1825 613 1922 656 elige—

1188 671 1301 699 rentur
1333 676 1387 699 seu
1420 671 1676 707 assumerentur,
1701 665 1850 699 similiter
1875 666 1922 698 in·

1188 719 1302 752 terdici
1328 718 1479 763 expediat
1507 730 1546 752 ne
1567 719 1629 762 ipsi
1654 720 1686 752 in
1712 719 1822 753 eadem
1848 719 1923 753 Con-

1189 772 1376 815 gregatione
1412 772 1471 804 sub
1509 772 1621 815 quovis
1651 777 1819 816 praetextu
1846 782 1923 805 voce

1189 825 1288 859 activa
1309 831 1341 858 et
1365 826 1492 869 passiva
1517 825 1659 868 gaudere
1681 826 1824 859 valeant:
1848 824 1924 858 binc

1189 884 1237 913 est
1261 879 1347 922 quod
1377 889 1445 920 nOS‚
1470 884 1668 912 memoratae
1694 878 1924 922 Congrcgatio·

1190 933 1238 965 nis
1256 932 1484 976 tranquillitati
1499 937 1655 975 rectoque
1681 932 1838 975 gubernio
1853 942 1925 976 per-

1190 985 1328 1029 amplius
1341 985 1532 1029 prospicere
1550 985 1728 1029 cupientes,
1744 990 1831 1018 motu
1850 995 1926 1028 pro-

1190 1039 1275 1082 prio,
1294 1048 1330 1071 ac
1351 1048 1387 1071 ex
1414 1039 1502 1071 certa
1527 1037 1661 1071 scientia
1678 1042 1710 1070 et
1729 1039 1853 1070 matura
1870 1037 1926 1070 dc-

1190 1092 1383 1125 libcratione
1422 1091 1543 1124 nostris
1560 1118 1568 1132 ,
1595 1090 1699 1134 deque
1728 1089 1925 1134 apostolicae

1191 1146 1361 1189 potestatis
1376 1144 1590 1189 plenitudine,
1606 1155 1645 1177 ne
1665 1144 1703 1177 de
1722 1150 1830 1177 cetero
1846 1143 1928 1187 quis-

1192 1210 1287 1242 quam
1320 1199 1418 1231 srater
1454 1197 1554 1231 laicus
1584 1196 1852 1241 Congregationis
1877 1207 1928 1229 su-

1192 1253 1356 1296 pradictae
1381 1262 1458 1285 voce
1484 1251 1584 1284 activa
1609 1256 1640 1284 et
1665 1250 1790 1294 passiva
1810 1250 1841 1283 in
1861 1250 1929 1294 ipsa

1192 1305 1450 1349 Congregatione
1475 1305 1639 1338 ullatenus
1662 1304 1803 1346 gaudere
1829 1303 1930 1347 possit

1193 1370 1250 1391 seu
1276 1360 1402 1398 debeat,
1428 1363 1542 1391 tenore
1568 1356 1787 1400 praesentium
1811 1366 1930 1401 perpe-

1194 1417 1248 1445 tuo
1274 1411 1498 1444 interdicimus
1524 1415 1556 1443 et
1579 1410 1805 1454 prohibemus.

1237 1466 1251 1508 ἓ
1275 1465 1307 1498 3.
1335 1465 1561 1503 Decernentes,
1585 1464 1714 1496 easdem
1738 1468 1929 1507 praesentes

1193 1519 1330 1558 litteras,
1358 1527 1488 1560 semper
1512 1516 1629 1556 firmas,
1655 1516 1776 1549 validas
1802 1521 1834 1549 et
1865 1517 1930 1549 effi-

1194 1582 1283 1604 caces
1300 1571 1437 1603 existere
1456 1576 1488 1603 et
1506 1570 1584 1610 fore,
1606 1580 1747 1613 suosque
1766 1570 1929 1613 plenarios

1195 1630 1225 1657 et
1250 1625 1393 1667 integros
1420 1623 1552 1657 effectus
1578 1623 1685 1656 sortiri
1712 1628 1743 1656 et
1767 1623 1928 1662 obtinere,

1195 1688 1231 1710 ac
1255 1677 1293 1709 ab
1319 1677 1396 1717 illis,
1417 1677 1454 1709 ad
1477 1687 1556 1719 quos
1582 1681 1707 1719 spectat
1727 1681 1757 1708 et
1775 1686 1833 1718 pro
1852 1680 1932 1707 tem-

1195 1741 1273 1774 pore
1299 1730 1567 1774 quandocumque
1593 1728 1774 1771 spectabit,
1801 1727 1934 1761 inviola-

1196 1784 1306 1816 biliter
1330 1783 1519 1823 observari,
1546 1792 1606 1814 nec
1638 1781 1676 1814 de
1711 1781 1933 1824 subreptionis

1197 1837 1245 1870 vel
1271 1835 1472 1879 obreptionis
1498 1840 1551 1868 aut
1576 1833 1734 1867 nullitatis
1759 1833 1848 1874 vitio,
1874 1844 1933 1867 seu

1197 1889 1385 1922 intentionis
1406 1894 1544 1927 nostrae,
1562 1893 1618 1921 aut
1637 1887 1794 1920 interesse
1812 1888 1935 1921 haben-

1199 1944 1276 1975 tium
1298 1943 1496 1983 consensus,
1523 1942 1627 1975 aliove
1659 1941 1808 1985 quolibet
1838 1941 1934 1974 etiam

1198 1995 1403 2040 quantumvis
1421 2005 1539 2038 niagno
1566 1999 1597 2026 et
1622 1994 1825 2027 substantiali
1852 1995 1936 2028 dese·

1198 2055 1250 2082 ctu
1276 2049 1390 2088 notari,
1417 2048 1624 2091 impugnari,
1655 2047 1808 2090 infringi,
1834 2053 1935 2081 retra-

1198 2103 1288 2143 ctari,
1320 2107 1373 2134 aut
1397 2101 1427 2133 in
1453 2100 1706 2134 controversiam
1732 2100 1848 2140 vocari,
1875 2111 1933 2134 seu

1198 2156 1236 2188 ad
1273 2155 1428 2188 terminos
1466 2154 1544 2187 iuris
1581 2155 1630 2187 vel
1667 2154 1933 2188 constitutionum

1198 2208 1437 2253 praedictarum
1456 2208 1568 2240 reduci
1592 2208 1660 2240 ullo
1677 2207 1773 2240 modo
1791 2217 1934 2251 unquam

1198 2272 1316 2305 posse3
1336 2262 1446 2305 sicque
1466 2266 1497 2294 et
1513 2271 1576 2294 non
1593 2260 1686 2293 aliter
1701 2260 1733 2292 in
1748 2260 1934 2303 praemissis

1198 2326 1257 2359 per
1282 2325 1502 2359 quoscumque
1533 2314 1655 2346 indices
1689 2313 1871 2347 ordinarios
1903 2320 1934 2348 et

1199 2371 1378 2412 delegatos,
1404 2368 1499 2401 etiam
1526 2378 1695 2401 causarum
1721 2367 1831 2410 palatii
1857 2378 1935 2411 apo-

1199 2422 1304 2456 stolici
1330 2421 1502 2462 auditores,
1520 2431 1556 2454 ac
1572 2421 1602 2454 S.
1623 2420 1659 2453 R.
1682 2420 1717 2453 E.
1741 2420 1932 2463 cardinales,

1199 2476 1294 2509 etiam
1321 2476 1359 2508 de
1385 2477 1487 2508 latere
1513 2476 1655 2517 legatos,
1681 2480 1712 2507 et
1737 2474 1818 2507 alios
1845 2486 1935 2518 quos-

1197 2529 1277 2562 libet
1302 2539 1502 2572 quacumque
1528 2527 1785 2571 praeeminentia
1815 2534 1845 2561 et
1877 2538 1935 2571 po-

1197 2588 1311 2616 testate
1339 2582 1508 2624 sungentes
1533 2586 1563 2614 et
1590 2581 1779 2622 suncturos‚
1809 2581 1933 2615 sublata

1197 2635 1243 2668 eis
1262 2640 1293 2667 et
1311 2645 1421 2668 eorum
1440 2633 1575 2667 cuilibet
1593 2634 1703 2678 quavis
1729 2634 1824 2668 aliter
1850 2634 1934 2668 iudi-

1926 249 1974 276 An⁴
1992 249 2020 276 C.
2045 249 2074 276 lt)
2095 249 2109 277 7

1955 415 2078 439 t'rutubniu,
2088 416 2110 435 ut

1927 448 1948 462 nu
1962 441 2054 463 rubrica.

1966 1473 2086 1496 Clausulas.
