2254 3225
477 230 538 266 958
1018 243 1195 271 animumn
1224 247 1376 274 ROMANUM

517 294 652 328 Tunkini
678 298 855 339 separatum
882 306 947 330 esse
982 302 1012 331 et
1037 298 1251 343 independens
1275 313 1333 346 pro
1359 301 1482 336 vicariis
1506 302 1686 347 apostolicis
1711 302 1784 336 dicti
1805 303 1894 347 regni
1917 304 1967 338 de-

518 348 657 389 claravit,
683 347 746 382 770
770 361 790 383 a
814 355 843 383 et
868 351 900 391 b;
927 350 1096 385 dioecesim
1123 354 1272 388 ecclesiae
1293 355 1399 399 oppidi
1424 356 1592 389 Alesiensis
1616 356 1645 389 in
1660 356 1871 390 cathedralem
1896 367 1965 390 ere-

515 407 582 435 ctae
607 402 644 435 de
669 413 757 436 more
788 403 954 448 descripsit
984 406 1185 440 Innocentius
1211 407 1285 449 XII,
1311 408 1374 442 6:26
1401 421 1438 450 a,
1464 410 1633 444 dioecesim
1666 410 1860 455 episcopatui
1887 410 1959 444 Ble-

515 456 596 489 sensi
622 466 723 500 nuper
749 463 854 491 erecto
881 458 919 491 de
951 470 1039 492 more
1065 460 1245 502 assignavit,
1271 462 1333 495 792
1359 463 1387 496 b.

425 508 572 542 Doctrina
596 509 776 550 christiana,
800 511 870 543 vide
894 511 1004 544 ClerIci
1033 513 1195 555 regulares
1220 514 1386 548 Doctrinae
1412 516 1610 549 christianae.

425 561 542 596 Domus
568 562 629 606 (S.)
653 563 844 596 Lauretanae
870 565 1041 607 protectori
1067 572 1203 598 castrum
1231 567 1440 601 Lauretanum
1465 580 1482 602 a
1507 568 1667 603 Clemente
1691 570 1759 603 VIII
1790 570 1966 603 subiectum

511 616 623 657 fuerat,
645 616 687 649 uti
713 621 819 651 narrat
843 617 1044 651 Innocentius
1070 618 1137 660 XII,
1163 618 1228 653 834
1252 621 1287 660 b;
1313 621 1431 654 Domus
1456 622 1598 655 ciusdem
1622 622 1705 656 dicto
1730 623 1901 667 protectori
1921 623 1967 656 iu-

512 668 728 702 risdictionem
760 670 847 714 quasi
881 671 1092 715 episcopalem
1122 672 1153 705 in
1184 673 1214 706 S.
1242 674 1397 717 Domum,
1431 675 1562 719 eiusque
1594 675 1677 708 bona
1701 681 1731 709 et
1754 686 1924 719 personas,
1949 686 1967 709 a

511 722 606 755 Paulo
633 723 653 755 V
679 734 859 757 concessam
885 724 979 758 fuisse
1006 726 1117 766 resert,
1143 725 1206 759 835
1231 739 1267 767 a,
1294 738 1388 771 super
1418 728 1534 761 Domus
1558 729 1717 772 praefatae
1742 729 1896 773 regimine
1920 729 1967 762 di-

511 780 633 809 ctorum
660 776 846 811 Pontificum
872 778 1039 812 Clementis
1065 780 1133 814 VIII
1160 786 1188 814 ct
1214 782 1299 815 Pauli
1330 783 1352 814 V
1384 783 1624 817 constitutiones
1654 784 1837 818 reformavit
1862 783 1965 825 idem,

511 828 575 862 835
600 830 615 862 l>
641 834 670 864 et
694 842 754 875 seq.

421 882 526 926 notes,
550 883 620 917 vide
644 884 823 928 Hospitium
849 896 1026 930 pauperum
1053 887 1263 923 invalidorum
1289 895 1317 923 e!
1342 891 1626 926 Conservatorium.

1179 1051 1201 1083 E

421 1148 578 1186 Ecclesiae
604 1153 793 1186 cathedralis
818 1153 855 1186 de
880 1155 1013 1188 Nankim
1045 1166 1147 1200 nuper
1172 1161 1294 1189 erectae
1331 1156 1567 1200 iuspatronatus
1602 1163 1632 1190 et
1669 1157 1890 1201 praesentandi
1925 1162 1964 1196 ad

509 1205 724 1249 episcopatum
750 1216 786 1239 ac-
812 1206 887 1238 alias
912 1207 1080 1250 dignitates
1106 1214 1135 1241 et
1159 1209 1312 1242 beneficia
1336 1210 1466 1252 regibus
1491 1210 1702 1254 Portugalliae
1726 1218 1907 1247 reservatur
1932 1220 1964 1248 et

508 1259 702 1299 conceditur,
720 1258 761 1292 56
786 1270 823 1299 (13
851 1260 923 1292 item
950 1261 1138 1295 cathedralis
1163 1262 1200 1295 de
1226 1263 1334 1295 Petam
1355 1274 1456 1307 nuper
1477 1264 1595 1308 pariter
1614 1264 1644 1297 in
1662 1265 1872 1299 cathedralem
1894 1278 1963 1301 ere-

508 1318 593 1353 ctae,
619 1312 660 1345 59
685 1313 717 1353 b;
744 1313 817 1346 item
844 1314 994 1347 ecclesiae
1018 1316 1187 1349 Alesiensis
1212 1317 1399 1350 cathedralis
1432 1328 1534 1361 nuper
1560 1322 1682 1352 erectae
1708 1318 1755 1351 ius
1779 1320 1961 1354 nominandi

507 1366 554 1398 vel
579 1367 798 1409 praesentandi
824 1367 890 1410 regi
917 1368 1178 1402 christianissimo
1204 1376 1398 1412 reservatur,
1417 1369 1481 1404 629
1506 1371 1539 1412 b3
1564 1372 1637 1405 item
1664 1383 1722 1415 pro
1747 1373 1881 1406 ecclesia
1905 1385 1960 1408 ca-

509 1418 642 1451 thedrali
668 1419 805 1452 Blesensi
830 1430 932 1463 nuper
956 1422 1075 1464 pariter
1100 1428 1214 1464 erecta,
1241 1422 1303 1456 798
1328 1434 1347 1456 a
1373 1429 1403 1456 et
1427 1424 1452 1456 I).

423 1469 592 1503 Ecclesiam
619 1471 830 1504 cathedralem
855 1473 1126 1517 Machaonensem,
1153 1477 1183 1508 in
1207 1482 1295 1520 parte
1321 1478 1451 1510 australi
1477 1478 1567 1521 regni
1591 1479 1736 1512 Sinarum
1761 1479 1865 1522 sitam,
1895 1490 1963 1514 esse

513 1524 550 1557 de
576 1525 830 1568 inrepatronatus
854 1527 939 1570 regis
964 1528 1173 1571 Portugalliae
1199 1540 1234 1562 ex
1260 1530 1441 1564 fundatione
1465 1532 1513 1564 vel
1531 1532 1699 1573 dotatione,
1717 1544 1771 1566 seu
1795 1533 1962 1577 privilegi0

510 1578 694 1622 apostoliCO,
719 1579 767 1611 cui
788 1589 850 1612 non
875 1586 921 1613 est
945 1581 1096 1615 hactenus
1120 1582 1317 1626 derogatum,
1343 1584 1434 1617 docet
1451 1585 1626 1618 Alexander
1646 1585 1724 1626 VIII,
1750 1586 1791 1619 53
1813 1586 1850 1627 b,
1875 1586 1916 1620 57
1933 1587 1959 1619 b.

424 1629 593 1664 Ecclesiam
620 1632 833 1676 parochialem
865 1634 972 1678 oppidi
1004 1635 1041 1668 de
1072 1636 1225 1678 Nankim,
1250 1637 1484 1670 Machaonensis
1509 1638 1679 1679 dioecesis,
1703 1649 1720 1671 a
1746 1638 1961 1673 iurisdictione

509 1685 649 1729 episcopi
674 1686 909 1720 Machaonensis
930 1693 1138 1732 segregatam,
1161 1690 1192 1722 in
1217 1690 1446 1731 cathedralem,
1473 1701 1544 1724 cum
1577 1691 1771 1724 subiectione
1797 1692 1958 1736 archiepi-

507 1749 603 1783 scopo
628 1739 781 1772 Goanensi
807 1740 875 1774 iure
902 1743 1150 1785 metropolitico,
1176 1744 1275 1776 erexit
1298 1743 1475 1776 Alexander
1496 1744 1581 1784 VIII,
1610 1744 1651 1777 53
1675 1745 1692 1777 b
1719 1750 1749 1778 et
1773 1756 1855 1790 seq.;
1884 1745 1960 1779 item

508 1793 721 1837 parochialem
744 1794 853 1837 oppidi
884 1795 922 1828 de
947 1795 1055 1828 Pekim
1081 1796 1221 1829 eiusdem
1247 1797 1400 1830 dioecesis
1431 1798 1541 1831 eodem
1574 1804 1666 1842 pacto
1691 1799 1723 1831 in
1747 1799 1959 1833 cathedralem

507 1847 626 1890 pariter
650 1848 750 1880 erexit
775 1847 869 1889 idem,
891 1848 931 1881 237
950 1861 968 1882 (ι
989 1855 1018 1882 et
1033 1861 1111 1893 seq.;
1137 1850 1209 1883 item
1232 1851 1339 1894 oppidi
1360 1851 1538 1892 Alesiensis‚
1556 1852 1777 1885 Nemausensis
1797 1852 1960 1894 dioecesis,

508 1901 538 1932 in
560 1901 771 1933 cathedralem
795 1912 865 1934 cum
883 1903 1029 1935 omnibus
1051 1904 1285 1947 episcopalibus
1303 1905 1425 1938 iuribus
1443 1906 1542 1938 erexit
1559 1906 1758 1940 Innocentius
1775 1907 1839 1948 XII,
1857 1906 1922 1940 624
1937 1918 1958 1941 a

508 1959 537 1986 et
562 1965 643 1998 seq,
670 1955 742 1987 item
769 1955 982 1998 parochialem
997 1957 1027 1990 S.
1049 1957 1204 1990 Solemnis
1224 1958 1332 2002 oppidi
1357 1959 1512 1992 Blesensis
1536 1960 1734 1993 Carnotensis
1758 1960 1910 1994 dioecesis
1927 1960 1958 1993 in

508 2007 718 2040 cathedralem
734 2019 805 2041 cum
819 2008 1013 2043 subiectione
1031 2011 1272 2055 archiepiscopo
1299 2013 1464 2045 Parisiensi
1490 2014 1589 2046 erexit
1614 2014 1706 2054 idem,
1723 2014 1780 2048 791
1810 2014 1825 2047 Ι)
1842 2020 1872 2047 et
1894 2025 1955 2058 seq.

418 2057 525 2093 Edicta
549 2061 705 2104 praetoris
729 2062 959 2103 Cremonensis,
978 2063 1015 2096 de
1037 2064 1246 2097 celebratione
1273 2066 1340 2097 t'esti
1367 2066 1394 2098 S.
1422 2066 1585 2105 Dominici,
1611 2068 1695 2099 nulla
1721 2067 1891 2100 declaravit
1909 2067 1958 2099 In·

505 2114 669 2147 nocentius
694 2115 758 2155 XII,
779 2115 839 2148 551
869 2116 885 2148 b
910 2122 940 2149 et
965 2128 1024 2161 seq.

418 2165 542 2200 Erectio
567 2166 756 2210 oppidorum
779 2168 809 2200 in
830 2169 984 2210 civitates,
1003 2170 1074 2202 vide
1099 2170 1266 2214 Oppidum.

418 2219 545 2263 Equites
569 2221 850 2265 hierosolymitani,
876 2223 947 2255 vide
971 2223 1143 2267 IIospitaIe.

417 2272 564 2306 Eremitis
589 2274 619 2306 S.
648 2275 812 2317 Augustini
837 2276 1017 2319 provinciae
1043 2277 1184 2310 Baeticae
1208 2278 1366 2311 senarium
1392 2289 1560 2312 numerum
1581 2280 1805 2323 magistrorum
1826 2281 1863 2314 ad
1881 2281 1954 2315 duo-

505 2327 668 2360 denarium
695 2329 833 2363 extendit.
856 2330 1032 2363 Alexander
1057 2330 1194 2371 V111,.35
1219 2344 1237 2365 a
1265 2338 1293 2364 ct
1319 2333 1352 2372 b,
1378 2332 1547 2376 praedictis
1577 2333 1758 2377 provinciae
1785 2334 1952 2376 Quitensis,

504 2378 691 2413 utscnarius
708 2381 808 2414 dictae
825 2383 1005 2425 provinciae
1031 2385 1254 2427 magistrorum
1279 2396 1430 2419 numerus
1454 2386 1492 2419 ad
1517 2386 1746 2420 duodenarium
1771 2394 1952 2430 augeretur,

506 2433 645 2474 indulsit,
662 2434 737 2469 6550
754 2440 877 2479 etseq,
903 2438 1090 2480 supradictis
1115 2440 1295 2482 provinciae
1313 2440 1454 2473 Baeticae
1479 2440 1605 2473 decreta
1629 2441 1770 2484 ipsorum
1796 2442 1950 2485 quaedam

504 2487 587 2520 circa
601 2487 826 2521 institutionem
842 2499 997 2523 novorum
1012 2492 1237 2534 magistrorum
1253 2493 1350 2525 relata
1370 2494 1537 2526 confirmat
1553 2494 1753 2527 Innocentius
1770 2494 1835 2535 XII,
1852 2494 1917 2528 405
1934 2496 1951 2528 b

505 2546 535 2573 et
558 2552 635 2585 seq,
660 2541 776 2575 eisdem
802 2543 982 2586 provinciae
1006 2545 1183 2578 Mexicanae
1208 2547 1366 2579 senarium
1391 2557 1559 2580 numerum
1580 2547 1804 2589 magistrorum
1822 2548 1860 2581 ad
1877 2549 1951 2583 duo-

505 2593 669 2627 denarium
690 2595 836 2637 extendit,
856 2595 921 2630 465
941 2597 957 2628 b
982 2602 1011 2630 et
1035 2609 1108 2642 seq.;
1127 2599 1244 2632 eisdem
1265 2601 1445 2644 provinciae
1465 2601 1613 2635 Castellae
1629 2601 1755 2635 decreta
1775 2602 1838 2636 duo
1854 2613 1950 2647 super

506 2647 672 2683 collatione
687 2649 878 2685 leeturarum
897 2650 997 2685 dietae
1017 2652 1208 2697 provinciae,
1227 2654 1361 2688 alterum
1379 2665 1492 2699 nempe
1512 2655 1692 2703 definitorii,
1715 2656 1848 2691 alterum
1867 2657 1949 2701 prio-

2238 2755 2249 2799 '„-·
2241 2742 2249 2747 ,
2236 2710 2247 2734 *o-
2237 2606 2250 2702 :nra-a
