2227 3225
99 220 147 247 An.
163 219 193 246 C.
217 218 283 246 ¹695

292 265 497 299 trasaeientes
521 263 591 306 ipso
617 261 697 294 sacto
722 261 844 302 absque
877 259 941 291 alia
968 259 1024 291 de-

291 317 467 351 claratione
491 313 718 353 incurrendas,
745 312 961 354 adiungimus.

333 372 348 414 g
372 370 403 402 5.
431 369 548 408 Porro,
577 368 615 400 ad
640 366 768 410 penitus
799 363 1024 407 extirpandum

290 429 386 466 atque
417 420 622 454 evellendum
658 420 793 452 abusum
824 416 1025 460 capitulatio-

99 472 145 485 '*‘''¹
187 464 270 508 ’.ξ”ῗιζῗῖ
291 486 379 515 num,
397 475 595 518 pactionum,
617 472 877 511 conventionum,
897 479 1026 503 concor-

99 514 280 571 &xifitss'ss'l‘clffi
292 530 440 561 datorum
455 538 512 560 seu
528 532 721 559 statutorum
735 533 1025 568 quorumcumque,

98 568 281 615 Pli’assldssss'u‘ll'r'.
293 591 374 624 quae
400 590 572 623 perperam
606 589 643 611 ac
674 578 829 610 adversus
862 585 1026 608 sacrorum

293 639 324 666 et
348 643 506 666 canonum
532 637 563 666 et
584 630 851 665 constitutionum
877 628 1028 672 apostoli-

291 697 400 719 carum
426 686 682 729 dispositionem,
709 688 898 717 occurrente
923 696 965 714 eo
982 683 1026 713 T:-

292 740 411 773 siarum
445 739 665 782 quarumlibet
689 736 883 780 praesertim
917 735 1027 768 cathe-

292 793 441 831 dralium,
468 791 803 834 metropolitanarum,
821 799 877 822 seu
902 798 1028 821 monas-

292 846 447 879 teriorum
474 844 661 888 quorumvis
694 843 870 882 vacatione,
897 841 935 874 ab
973 841 1024 881 iis,

291 899 329 931 ad
355 909 434 942 quos
457 898 572 931 electio
596 906 807 940 personarum
833 895 1024 927 idonearum

290 951 369 995 ipsis
394 950 539 985 ecclesiis
563 961 620 983 seu
645 948 850 982 monasteriis
886 948 924 980 ad
961 949 1026 981 ele-

290 1005 431 1038 ctionem
470 1003 656 1036 huiusmodi
697 1001 876 1045 respective
908 1001 1024 1044 praeti-

290 1058 476 1091 ciendarum
514 1057 601 1089 iuxta
630 1055 803 1099 privilegia
834 1060 865 1087 et
900 1053 1026 1087 indulta

291 1112 466 1155 apostolica
505 1110 551 1143 eis
600 1110 739 1151 desuper
784 1119 936 1141 concessa
972 1114 1026 1140 aut

291 1164 370 1197 alias
397 1163 540 1205 legitime
566 1168 714 1205 spectat,
748 1161 813 1194 sire
850 1166 924 1193 ante
960 1160 1025 1193 sire

291 1224 364 1260 post
403 1217 594 1250 electionem
632 1215 828 1259 praedictam
861 1215 1025 1247 interdum

291 1270 394 1310 iniri,
435 1269 530 1303 condi
568 1274 621 1301 aut
658 1268 725 1301 sieri
762 1273 1023 1307 consueverunt,

290 1329 388 1363 motu,
411 1322 556 1362 seientia,
583 1321 821 1354 deliberatione
840 1326 869 1353 et
888 1326 1028 1363 potesta·
1046 1346 1048 1359 ,

292 1377 330 1408 tis
355 1375 557 1418 plenitudIne
586 1375 737 1417 paribus,
765 1374 954 1406 earumdem
982 1378 1026 1405 te-

290 1438 369 1461 nore
394 1426 625 1470 praesentium,
645 1426 798 1458 omnibus
820 1431 852 1458 et
876 1425 1023 1467 singulis,

290 1480 330 1513 ad
351 1490 433 1523 quos
459 1484 586 1522 spectat
610 1484 641 1511 et
666 1489 725 1521 pro
751 1483 897 1520 tempore
925 1484 1047 1520 quan-³

291 1534 472 1575 ducumque
490 1531 660 1574 spectabit,
678 1530 908 1572 cuiuscumque
927 1535 1027 1562 status
1046 1524 1048 1537 '

290 1586 419 1628 gradus,
454 1584 585 1623 ordinis,
624 1583 832 1621 conditionis,
868 1584 1028 1626 praeemi-

290 1638 422 1671 nentiae
447 1639 496 1670 vel
522 1637 688 1679 dignitatis
721 1636 850 1676 suerint,
877 1636 934 1668 sub
967 1631 1049 1668 eis-¹

292 1692 364 1724 dem
389 1691 523 1724 omnino
549 1690 663 1734 poenis
688 1689 836 1732 superius
854 1689 1025 1732 expressis,

292 1756 427 1788 quarum
451 1744 690 1777 absolutionem
715 1754 770 1775 seu
796 1744 1027 1776 relaxationem
1048 1746 1049 1780 l

291 1798 384 1830 nobis
411 1803 441 1829 et
467 1797 612 1829 Romano
634 1796 780 1828 Pontifici
803 1806 862 1839 pro
885 1801 1028 1838 tempore
1048 1812 1049 1848 ζ

293 1850 444 1883 existenti
470 1850 634 1881 dumtaxat
664 1849 853 1891 specialiter
884 1859 1029 1881 reserva-

292 1914 375 1943 mus,
399 1903 543 1936 districte
570 1901 784 1945 prohibemus
809 1906 841 1934 et
865 1901 1029 1934 interdici-

292 1968 374 1997 mus,
399 1967 439 1990 ne
466 1956 729 1999 capitulationes,
756 1954 935 1997 pactiones,
957 1965 1030 1987 eon-

292 2011 427 2042 eordata
465 2019 522 2042 seu
568 2013 688 2042 statuta
731 2008 919 2040 huiusmOdi
955 2000 1050 2048 antef

291 2063 394 2106 ipsam
434 2063 567 2105 quidem
604 2061 797 2095 electionem
838 2071 894 2093 seu
932 2061 1028 2093 etiam

292 2115 544 2160 postulationem
570 2115 609 2147 de
634 2120 743 2146 cetero
765 2113 858 2153 inire,
885 2115 1028 2146 condere

292 2175 348 2202 aut
378 2170 483 2201 facere
520 2168 660 2200 audeant
691 2167 804 2210 quovis
842 2168 939 2199 modo
972 2178 1028 2199 seu

293 2226 521 2266 praesumant;
548 2221 669 2264 illaque
694 2220 842 2264 proinde,
870 2226 1050 2262 quatenus

292 2275 331 2307 de
355 2275 439 2307 sacto
465 2279 580 2306 contra
603 2273 784 2316 praesentis
805 2278 935 2306 nostrae
957 2284 1030 2316 pro·
1049 2272 1051 2313 ξ

291 2327 463 2360 bibitionis
497 2328 632 2359 sormam
670 2327 768 2367 inita,
806 2327 937 2359 condita
973 2326 1051 2360 seu'

293 2379 375 2412 facta
412 2380 547 2419 suerint,
584 2380 685 2419 nulla,
723 2379 841 2418 inania,
875 2379 1026 2418 invalida,

294 2431 394 2471 irrita,
419 2432 608 2475 viribusque
635 2438 665 2465 et
690 2431 801 2464 effectu
833 2431 961 2474 penitus
999 2437 1030 2464 et

294 2485 425 2517 omnino
459 2496 570 2525 vacua,
607 2495 642 2518 ac
676 2485 798 2518 nullius
834 2485 962 2517 roboris
998 2490 1030 2517 et

295 2538 448 2570 momenti
473 2548 543 2571 esse
568 2544 598 2571 et
621 2544 783 2582 perpetuo
817 2539 899 2575 sore,
927 2538 1029 2569 nemi-

295 2600 433 2634 nemque
454 2591 492 2623 ad
517 2590 647 2624 illorum
677 2602 732 2624 seu
765 2591 939 2624 cuiuslibet
976 2601 1030 2624 eo-

162 384 279 414 Prohibitio

112 415 271 440 conventionum

99 444 147 459 aute
178 442 280 464 prousi-

193 470 202 480 ‹-
244 469 246 471 ,

878 209 1086 236 INNOCENTIUS
1109 210 1153 235 xn
1176 211 1224 235 121’.

1698 201 1760 237 719
1806 211 1901 239 Ληα.
1924 213 1989 241 ¹605

1065 268 1154 298 rum,
1195 257 1319 291 etiamsi
1355 257 1535 290 iuramento
1572 259 1687 291 vallata
1723 260 1796 300 sint,

1067 309 1306 343 observantiam
1333 310 1436 343 teneri
1462 316 1517 342 aut
1536 311 1713 353 obligatum
1737 314 1798 345 exi-

1067 367 1152 396 stere
1177 363 1228 396 vel
1254 364 1336 403 sore,
1364 362 1572 396 decernimus
1597 369 1630 397 et
1654 365 1798 398 declara-

1068 427 1148 449 mus.

1111 469 1126 511 g
1149 468 1180 501 6.
1209 468 1295 507 Quae
1320 478 1396 502 vero
1421 469 1581 502 electione
1606 479 1664 502 seu
1691 474 1800 512 postu·
1826 511 1829 513 ,
1872 483 1993 506 nat-imao

1068 522 1189 555 latione
1216 521 1398 555 huiusmodi
1425 525 1533 555 secuta
1558 516 1880 566 quomodolibetisslssss
1901 518 1993 563 ξὲἓῖῗΐῖἶ

1069 575 1157 615 iniri,
1180 575 1274 608 condi
1300 585 1357 608 seu
1384 574 1453 607 [ieri
1478 575 1659 618 eontigerit,
1682 575 1719 608 ad
1745 566 1994 610 nosissil‘sali‘llliffl'

1069 638 1125 660 seu
1151 628 1301 661 eumdem
1326 628 1505 660 Romanum
1531 628 1717 661 Pontificem
1742 639 1802 671 pro

1070 687 1215 724 tempore
1252 681 1445 714 existentem
1477 681 1715 724 quamprimum
1749 682 1804 715 de-

1070 733 1155 774 ferri,
1177 739 1273 776 atque
1298 733 1342 765 ita
1366 738 1481 766 nostro
1508 739 1539 766 et
1562 734 1654 767 Sedis
1673 735 1804 778 Aposto-

1069 787 1149 819 liCae
1174 785 1294 819 iudicio
1330 786 1446 818 subiici
1476 786 1706 830 praecipimus,
1737 798 1804 820 sus-

1069 841 1169 882 pensa
1192 838 1325 871 interim
1350 848 1465 871 eorum
1484 839 1628 872 omnium
1647 844 1677 872 et
1697 839 1806 882 singu-

1069 894 1172 926 lorum
1204 891 1404 930 executione,
1438 891 1542 924 donec
1573 896 1604 924 et
1636 902 1806 935 quousque

1068 946 1106 979 ab
1131 945 1244 978 eadem
1269 944 1360 984 Sede,
1387 944 1456 977 sine
1489 944 1580 976 euius
1613 944 1805 978 auctoritate

1068 997 1310 1031 nihilomnino
1345 997 1378 1029 in
1402 997 1560 1031 similibus
1596 997 1717 1040 pacisci
1757 997 1804 1030 sas

1068 1057 1125 1091 est,
1152 1050 1349 1094 apostolicae
1375 1050 1633 1083 confirmationis
1654 1051 1755 1083 robur
1771 1050 1805 1082 in

1069 1111 1170 1138 totum
1196 1106 1245 1137 vel
1269 1104 1302 1136 in
1327 1109 1451 1147 partem
1477 1103 1669 1146 receperint.

1112 1162 1126 1200 ,ζ
1152 1157 1182 1190 7.
1210 1157 1361 1190 Ceterum
1386 1167 1443 1199 per
1464 1162 1654 1200 praesentes
1673 1167 1737 1189 non
1759 1156 1806 1189 in·
1829 1170 1999 1191 iivmcircacon-

1070 1212 1233 1243 tendimus
1278 1221 1314 1242 ea
1338 1237 1344 1250 ‚
1384 1220 1466 1253 quae
1510 1210 1651 1242 antehae
1694 1200 1998 1253 conira'sssslss'ssissassssffl

1069 1264 1325 1308 supradictarum
1361 1263 1482 1296 Nic-olai
1500 1290 1507 1303 ,
1532 1263 1576 1296 Pii
1603 1269 1634 1296 et
1658 1263 1805 1306 Gregorii
1818 1252 1992 1297 ffliiissimwffl

1070 1318 1369 1361 praedecessorum,
1396 1328 1451 1349 seu
1479 1318 1586 1349 forsan
1613 1317 1750 1350 aliarum
1775 1328 1808 1350 a-

1069 1371 1301 1414 postolicarum
1332 1371 1602 1403 constitutionum
1633 1381 1692 1403 seu
1722 1371 1808 1404 litte-

1046 1458 1048 1473 r
1069 1435 1175 1457 rarum
1201 1424 1337 1457 sormam
1364 1425 1612 1467 quomodolibet
1635 1430 1726 1467 gesta
1746 1425 1809 1458 sue-

1069 1483 1165 1517 runt,
1191 1478 1354 1509 ullatenus
1379 1478 1574 1520 approbare,
1600 1488 1660 1510 nec
1684 1488 1806 1521 poenas

1069 1532 1107 1562 ea
1133 1530 1172 1562 de
1198 1532 1295 1562 causa
1320 1540 1378 1573 per
1412 1535 1671 1571 transgressores
1703 1530 1809 1562 ineur-

1047 1621 1049 1627 k
1070 1594 1120 1616 sas
1145 1583 1311 1615 remittere
1338 1583 1386 1615 vel
1411 1582 1608 1616 condonare.

1114 1637 1128 1679 g
1164 1635 1195 1668 8.
1234 1636 1454 1668 Deeeruentes
1490 1636 1642 1678 pariter,
1678 1635 1808 1668 easdem
1847 1645 1968 1666 Ctauzutae.

1071 1693 1262 1731 praesentes
1287 1688 1435 1728 litteras,
1462 1694 1492 1720 et
1516 1687 1548 1720 in
1582 1688 1628 1721 eis
1655 1693 1809 1721 contenta

1071 1751 1306 1784 quaecumque,
1333 1742 1430 1774 etiam
1464 1752 1499 1774 ex
1526 1752 1573 1780 eo,
1600 1741 1688 1784 quod
1714 1741 1810 1784 quili-

1070 1794 1181 1827 hetin
1215 1794 1412 1837 praemissis,
1438 1805 1495 1827 seu
1532 1805 1644 1827 eorum
1678 1795 1809 1838 aliquis,

1071 1848 1120 1879 ius
1144 1849 1193 1880 vel
1219 1847 1379 1880 interesse
1406 1848 1576 1887 habentes,
1602 1858 1659 1880 seu
1685 1848 1809 1880 habere

1071 1900 1320 1943 quomodolibet
1345 1901 1609 1943 praetendentes,
1634 1901 1811 1934 cuiuscum-

1072 1964 1133 1996 que
1165 1958 1284 1992 status,
1311 1953 1452 1994 gradus,
1480 1953 1623 1993 ordinis,
1650 1954 1811 1995 praeemi-

1071 2006 1203 2038 nentiae
1240 2011 1271 2038 et
1297 2006 1463 2047 dignitatis
1496 2006 1642 2046 existant,
1676 2011 1707 2038 et
1731 2007 1810 2039 alias

1071 2058 1224 2101 specifica
1257 2063 1288 2090 et
1320 2058 1484 2090 individua
1508 2058 1674 2091 mentione
1701 2064 1734 2091 et
1759 2069 1811 2091 ex-

1071 2112 1242 2155 pressione
1268 2111 1366 2152 digni‚
1392 2111 1457 2144 illis
1481 2121 1546 2144 non
1569 2111 1809 2152 consense1int,

1072 2176 1130 2198 nec
1156 2165 1194 2197 ad
1222 2175 1258 2197 ea
1284 2165 1398 2204 vocati,
1418 2165 1503 2197 citati
1523 2170 1554 2197 et
1572 2164 1684 2204 auditi,
1703 2176 1810 2208 neque

1072 2229 1198 2258 causae,
1215 2224 1350 2261 propter
1368 2228 1446 2260 quas
1466 2224 1656 2260 praesentes
1682 2230 1812 2251 emana-

1073 2272 1145 2310 rint,
1162 2271 1361 2303 sussieienter
1382 2271 1549 2311 adductae,
1575 2271 1757 2304 verificatae
1780 2277 1813 2304 et

1074 2325 1261 2357 iustiticatae
1288 2324 1418 2365 suerint,
1445 2330 1499 2357 aut
1520 2335 1555 2357 ex
1575 2325 1638 2358 alia
1663 2335 1812 2368 quaeum-

1073 2389 1136 2422 que
1162 2378 1367 2422 quantumvis
1395 2378 1531 2411 iuridiea
1556 2383 1588 2411 et
1606 2377 1811 2421 privilegiata

1073 2433 1191 2471 eausa,
1225 2432 1357 2472 colore,
1403 2436 1573 2474 praetextu
1613 2436 1645 2463 et
1682 2431 1808 2474 capite,

1074 2485 1169 2517 etiam
1208 2484 1241 2517 in
1278 2495 1415 2527 corpore
1442 2484 1519 2516 iuris
1556 2484 1687 2524 clauso,
1716 2484 1811 2516 etiam

1074 2538 1226 2576 enormis,
1251 2538 1497 2570 enorinissimae
1535 2542 1566 2570 et
1603 2537 1709 2569 totalis
1744 2537 1811 2568 lae-

1074 2590 1186 2630 sionis,
1212 2591 1301 2623 nullo
1327 2601 1470 2633 unquam
1498 2595 1644 2632 tempore
1670 2589 1709 2621 de
1734 2589 1810 2621 sub-
