2254 3225
206 207 254 232 An.
270 205 298 232 c.
321 205 383 232 109¹
433 196 497 230 358

398 254 552 297 signatis;
580 254 697 288 deinde
727 264 787 298 pro
815 254 1042 298 redemptione
1066 265 1137 298 per-

399 309 525 350 agenda
546 309 626 342 duos
651 309 876 351 redemptores
892 308 1041 340 instituat
1065 318 1135 339 cum

399 361 640 395 conditionibus
669 361 701 395 in
730 372 801 405 cap.
825 372 845 395 v
872 360 1087 394 distinctionis
1114 370 1137 392 11

398 415 563 448 stabilitis.
589 415 628 448 Et
651 415 676 448 si
710 415 749 447 ad
774 425 843 447 eam
868 414 1014 457 proxime
1042 412 1139 455 perfi—

399 469 546 502 ciendam
561 469 715 502 collectae
731 469 957 510 eleemosynae
967 466 1137 506 sufficiant,

399 524 529 563 tempus
553 520 676 563 pariter
700 524 829 558 statuat,
855 528 918 560 quo
943 518 1062 550 debeat
1086 526 1138 549 ex-

400 573 519 616 pediri.
545 572 636 611 Quod
661 572 688 604 si
714 583 751 605 ex
776 570 1038 613 redemptoribus
1074 570 1139 602 ele-

401 626 462 659 ctis
488 626 630 670 aliquem
662 629 736 668 post
767 623 943 666 capitulum
976 623 1059 655 mori
1089 623 1137 655 vel

400 679 557 721 languere
582 677 767 719 contigerit,
792 677 884 709 illum
909 676 1065 718 magister
1084 675 1139 708 Or-

402 732 486 765 dinis
518 742 554 764 ex
587 731 732 763 eiusdem
767 728 952 772 provinciae
988 728 1139 761 fratribus

402 796 462 829 pro
485 784 577 818 libito
602 783 810 827 reproducat.

446 848 501 871 ΧΠ.
529 836 669 870 Ulterius
695 836 897 879 praedictum
921 835 1138 869 definitorium

403 901 463 934 pro
487 889 626 933 negotiis
650 888 753 932 ipsius
778 889 1012 932 redemptionis
1037 889 1076 921 ad
1095 894 1141 922 to-

404 950 468 977 tam
493 942 691 987 provinciam
708 942 929 985 spectantibus
946 952 1044 975 unum
1064 953 1141 985 pro-

405 1001 585 1030 curatorem
610 995 793 1038 generalem
826 995 996 1027 nominare
1021 995 1138 1034 debet,

406 1056 438 1084 et
470 1049 567 1083 alium
603 1058 662 1091 pro
693 1048 790 1080 rebus
825 1047 927 1090 ipsius
957 1047 1141 1090 provinciae

405 1101 609 1146 peragendis,
628 1100 743 1144 quibus
761 1099 986 1133 deficientibus
1008 1110 1142 1143 quomo-

406 1156 531 1190 dolibet
550 1159 624 1198 post
648 1153 836 1196 capitulum,
860 1164 877 1185 a
897 1153 1085 1196 provinciali
1103 1152 1143 1184 si—

406 1208 526 1241 militer
539 1206 766 1248 designentur:
785 1205 1009 1245 decernentes,
1027 1210 1062 1237 ut
1077 1205 1142 1237 cui-

407 1271 470 1304 que
491 1259 693 1303 procuratori
719 1268 756 1291 ex
781 1258 968 1301 praedietis,
989 1263 1052 1290 tam
1070 1268 1143 1300 pro-

407 1313 531 1346 vinciae
553 1323 647 1355 quam
666 1311 911 1354 redemptionis,
930 1316 962 1344 et
979 1316 1041 1343 tam
1060 1312 1142 1343 intra

409 1377 505 1410 quam
537 1370 625 1398 extra
657 1364 832 1407 capitulum
865 1368 994 1403 creato,
1019 1373 1144 1406 semper

409 1418 626 1452 definitorium
666 1416 850 1459 provinciae
893 1415 1144 1448 instrumentum

409 1472 564 1515 praebeat
587 1469 848 1517 procuratorium
872 1480 943 1502 cum
969 1470 1066 1512 plena
1092 1474 1143 1500 aut

409 1525 545 1558 limitata
568 1522 735 1562 facultate,
762 1532 845 1565 quae
870 1532 928 1565 pro
953 1521 1145 1564 opportuni-

411 1582 473 1610 tate
486 1576 664 1619 unicuique
678 1575 856 1617 respective
872 1573 1088 1613 conveniant¹‚
1103 1578 1144 1613 et,

411 1628 678 1673 quotiescumque
704 1638 786 1670 opus
812 1626 919 1667 suerit,
937 1637 1006 1659 eam
1033 1631 1147 1669 augeat

410 1684 461 1715 vel
486 1681 648 1721 cohibeat,
667 1680 878 1723 eamdemque
900 1679 992 1712 cum²
1016 1680 1144 1720 habeat,

412 1745 448 1769 ae
473 1735 499 1768 si
520 1745 537 1768 a
563 1739 630 1767 toto
651 1733 792 1776 capitulo
818 1733 1014 1765 traderetur.

454 1798 523 1822 xm.
551 1787 665 1820 Postea
685 1787 724 1819 ab
742 1786 856 1819 eodem
874 1786 1076 1819 stabiliantur
1093 1786 1147 1819 de-

413 1841 554 1875 finitorio
568 1839 781 1873 novitiatuum
795 1839 909 1872 domus
924 1844 1019 1881 atque
1037 1848 1147 1872 eorum

413 1893 606 1927 novitiorum
640 1892 805 1935 magistri3
831 1897 1040 1935 utrorumque
1070 1903 1147 1926 vero

414 1947 627 1980 mutationem
642 1951 697 1978 aut
713 1955 827 1978 novam
845 1945 1080 1978 institutionem
1097 1956 1149 1979 ex-

415 2003 463 2032 tra
497 1998 674 2043 capitulum
710 2008 774 2031 non
816 1998 1050 2041 permittimus,
1087 1999 1148 2031 nisi

415 2052 618 2086 rationabilis
653 2056 684 2084 et
709 2051 813 2094 gravis
837 2061 931 2084 causa
954 2057 1148 2094 perurgeat,

416 2116 480 2149 qua
504 2105 763 2148 superveniente,
782 2105 821 2138 ad
840 2105 871 2138 id
891 2111 1083 2148 potestatem
1103 2117 1150 2138 ex-

417 2165 464 2191 tra
491 2159 667 2201 capitulum
691 2158 918 2201 provinciale⁵‚
944 2169 1001 2191 seu
1033 2159 1150 2192 vicario

416 2210 604 2255 provinciali
629 2211 860 2253 relinquimus,
886 2211 966 2244 itaut
987 2212 1026 2244 de
1052 2212 1152 2244 domi-

417 2264 478 2297 bus
497 2263 692 2297 novitiorum
710 2273 774 2296 non
792 2263 860 2296 sine
880 2263 1062 2297 definitorio
1083 2273 1153 2297 con-

421 2316 545 2357 stituat,
578 2316 617 2349 de
641 2317 787 2359 ipsorum
811 2326 888 2349 vero
912 2317 1072 2359 magistris
1097 2327 1154 2360 per

421 2379 456 2403 se
480 2370 584 2403 solum
609 2369 780 2412 providere
805 2369 918 2401 valeat.

465 2432 528 2456 xiv.
554 2421 675 2455 Deinde
707 2421 888 2454 studiorum
923 2427 1070 2465 regentes
1094 2432 1154 2465 pro

457 2502 470 2530 1
493 2501 587 2537 Aptius
605 2501 664 2537 lege
684 2501 835 2529 conveniat
855 2503 891 2535 (n.
908 2502 957 2536 τ.).

458 2546 475 2573 2
494 2546 548 2573 Vox
568 2554 633 2573 cum
653 2545 768 2572 delenda
787 2548 827 2577 (n.
844 2545 893 2579 τ.).

459 2590 475 2616 3
487 2590 532 2616 Vel
550 2590 655 2624 legend,
670 2590 709 2615 rel
723 2589 874 2615 addendum
889 2589 1154 2624 prom'ncz‘«lzss(n.r.).

975 206 1153 230 BULLARIUM
1178 205 1196 229 P.
1202 205 1219 229 O
1225 205 1332 230 MANUM

1180 254 1330 287 domibus
1353 253 1535 296 theologiae
1559 254 1780 294 scholasticae,
1801 254 1846 287 uti
1865 264 1912 287 su-

1180 318 1236 349 pra
1257 317 1328 349 cap.
1351 317 1374 339 11
1402 307 1614 340 distinctionis
1639 318 1680 347 vl,
1699 307 1855 348 instituat,
1881 313 1912 341 et

1180 361 1311 392 fratrem
1335 360 1475 403 aliquem
1502 361 1618 394 litteris
1644 367 1676 394 et
1700 361 1795 404 genio
1819 371 1912 405 prae-

1180 417 1318 445 stantem
1336 413 1520 456 provinciae
1539 414 1835 457 historiographum
1855 415 1912 448 eli-

1181 470 1249 507 gat3
1267 470 1308 505 et,
1326 466 1381 498 ubi
1403 471 1580 499 conventus
1596 467 1786 500 monialium
1810 467 1913 501 habe-

1181 529 1269 558 mus,
1302 529 1361 562 pro
1393 519 1458 552 illis
1489 519 1624 552 vicarios
1650 520 1789 553 destinet
1823 521 1911 553 omni

1181 571 1372 604 sufficientia
1398 577 1430 605 et
1452 583 1577 605 morum
1595 573 1765 606 honestate
1789 574 1914 617 conspi-

1181 635 1278 665 cuos,
1305 625 1359 668 qui
1391 635 1498 658 earum
1525 626 1744 659 consessiones
1768 626 1912 667 audiant,

1181 683 1275 721 atque
1299 678 1370 711 illas
1394 678 1605 721 spiritualiter
1629 679 1780 722 dirigant.

1223 742 1273 764 xv.
1300 731 1444 775 Denique
1469 732 1668 774 praedictum
1693 732 1914 766 definitorium

1182 784 1282 826 eligat
1314 784 1444 817 domum
1479 785 1687 827 capitularem
1720 795 1780 829 pro
1808 786 1915 819 futuro

1182 837 1366 870 immediate
1403 837 1567 880 capitulo,
1594 838 1686 871 euius
1721 839 1837 872 electio
1870 839 1915 871 sic

1182 899 1310 933 semper
1334 900 1351 923 a
1374 891 1519 933 praefato
1552 890 1737 924 definitorio
1761 891 1914 935 privative

1182 942 1246 983 liat,
1265 947 1302 975 ut
1326 943 1405 976 nulli
1423 943 1515 976 alteri
1541 944 1684 987 praelato
1709 944 1918 987 compromis-

1182 1007 1216 1028 sa
1240 996 1466 1039 relinquatur,
1491 1007 1545 1038 ne,
1571 997 1597 1029 si
1623 997 1677 1030 ille
1701 997 1792 1030 obire
1817 998 1918 1030 conti-

1184 1049 1267 1091 gerit
1291 1049 1361 1081 sine
1393 1049 1616 1091 designatione
1641 1049 1716 1090 loci,
1741 1050 1796 1083 hic
1818 1059 1916 1092 vagus

1184 1106 1333 1141 maneat,
1363 1101 1557 1144 ignotusque
1587 1102 1774 1143 vocalibus,
1799 1102 1916 1146 quibus

1184 1155 1223 1186 ab
1249 1155 1317 1197 ipso
1342 1160 1488 1187 anteacto
1507 1155 1647 1198 capitulo
1666 1155 1797 1198 expedit
1821 1160 1852 1188 et
1867 1165 1919 1188 vo·

1185 1207 1287 1239 hunus
1322 1207 1546 1247 innotescere;
1574 1218 1609 1240 ex
1646 1213 1722 1241 tunc
1757 1207 1843 1241 enim
1879 1208 1916 1241 ad

1184 1260 1275 1293 illum
1299 1259 1369 1293 iure
1394 1260 1633 1294 constitutionis
1658 1261 1825 1294 convocati
1844 1266 1918 1293 sunt

1186 1313 1272 1347 omni
1298 1319 1453 1356 tempore,
1469 1314 1602 1354 etiamsi,
1628 1319 1664 1346 ut
1686 1319 1830 1357 possunt,
1845 1324 1919 1347 con-

1186 1366 1368 1398 vocatoriae
1400 1366 1570 1406 deficiant;
1602 1367 1780 1399 facultatem
1813 1371 1917 1399 tamen

1187 1419 1225 1451 ad
1251 1429 1320 1451 eam
1338 1419 1610 1458 comimitandam,
1630 1419 1790 1461 aliamque
1811 1419 1918 1451 denuo

1188 1471 1417 1503 instituendam
1450 1471 1591 1503 instante
1624 1477 1772 1514 tempore
1805 1482 1921 1504 convo-

1187 1524 1321 1557 cationis
1345 1524 1383 1556 ad
1408 1523 1584 1566 capitulum
1601 1551 1608 1564 ,
1635 1524 1779 1566 iustaque
1811 1536 1847 1557 ae
1870 1519 1921 1556 ra-

1189 1577 1334 1610 tionabili
1359 1579 1455 1610 eausa
1478 1576 1727 1617 interveniente,
1755 1577 1920 1620 praedicto

1189 1629 1374 1663 delinitorio
1399 1634 1432 1662 et
1454 1630 1608 1671 magistro
1634 1630 1778 1672 generali
1804 1640 1919 1663 conce-

1190 1683 1306 1715 dimus.
1332 1682 1366 1714 In
1392 1693 1458 1725 quo
1483 1692 1559 1714 casu
1575 1709 1582 1722 ,
1607 1683 1658 1715 vel
1687 1683 1835 1726 quolibet
1859 1684 1920 1716 alio

1190 1736 1222 1768 in
1256 1746 1319 1779 quo
1354 1735 1467 1767 domus
1501 1735 1633 1778 capituli
1669 1742 1730 1768 tam
1761 1737 1922 1779 generalis

1190 1799 1285 1831 quam
1316 1788 1525 1831 provincialis
1550 1789 1760 1821 mutationem
1789 1789 1919 1829 subeat,

1190 1852 1253 1874 non
1279 1842 1352 1874 idco
1376 1840 1446 1874 iura
1470 1841 1683 1873 successionis
1707 1841 1851 1884 magistri
1873 1842 1923 1887 vel

1191 1894 1393 1937 provincialis
1422 1894 1455 1926 in
1488 1893 1552 1926 suis
1587 1893 1765 1936 respective
1796 1894 1923 1927 casibus

1191 1948 1230 1980 ad
1259 1947 1493 1990 provincialem
1523 1947 1707 1989 provinciae
1737 1947 1924 1991 capitularis

1192 2005 1244 2032 aut
1268 1999 1549 2032 commendatores
1567 2000 1736 2033 domorum
1753 2001 1923 2043 utriusque

1192 2053 1320 2096 capituli
1346 2052 1543 2095 pertinentia
1563 2052 1678 2085 mutari
1696 2052 1922 2095 permittimus,

1192 2107 1246 2138 sed
1267 2109 1419 2138 maneant
1435 2115 1564 2147 semper
1581 2105 1666 2148 apud
1690 2105 1764 2138 illos
1786 2106 1825 2138 ad
1843 2115 1924 2148 quos

1193 2159 1279 2191 iuxta
1303 2157 1445 2201 priorem
1470 2158 1665 2191 electionem
1697 2159 1812 2192 domus
1841 2158 1925 2201 capi-

1195 2211 1306 2243 tularis
1330 2209 1498 2243 attinebat.

1238 2273 1301 2297 xvr.
1327 2262 1362 2295 In
1392 2262 1565 2306 praedictis
1598 2268 1705 2296 autem
1735 2264 1927 2297 nominatio-

1196 2317 1289 2349 nibus
1314 2325 1351 2348 ac
1375 2315 1512 2349 decretis
1537 2321 1569 2349 et
1593 2316 1792 2359 quibuslibet
1815 2317 1885 2350 aliis
1911 2329 1928 2351 a

1198 2370 1282 2403 dicto
1307 2368 1491 2402 definitorio
1517 2369 1771 2402 determinandis
1797 2375 1850 2403 aut
1873 2371 1930 2404 eli-

1198 2422 1310 2465 gendis
1336 2421 1458 2465 absque
1476 2421 1635 2464 suffragiis
1652 2422 1797 2464 secretis,
1815 2422 1838 2456 si
1856 2428 1928 2456 vota

1198 2475 1229 2507 in
1243 2479 1351 2518 partes
1365 2476 1516 2517 aequales
1538 2474 1731 2516 dividantur,
1747 2477 1931 2519 praevaleat

1197 2527 1253 2561 illa
1269 2555 1276 2568 ,
1302 2528 1352 2560 cui
1382 2538 1513 2571 praeses
1545 2528 1729 2561 adhaereat.
1754 2528 1788 2561 In
1816 2529 1930 2562 ceteris

1197 2591 1272 2613 vero
1296 2580 1517 2619 electionibus,
1538 2591 1615 2622 quas
1632 2590 1691 2623 per
1713 2586 1785 2614 vota
1808 2587 1928 2615 secretu

1915 205 1965 232 An.
1985 205 2097 233 &1691
