2254 3225
185 222 235 250 An.
251 221 280 250 C.
303 220 371 249 4695
417 210 481 245 682

213 440 334 464 Clausulam.

953 214 1129 241 BULLARIUM

379 268 465 312 quod
491 268 517 301 si
542 267 650 301 adhuc
680 267 710 299 in
733 263 921 299 discedendi
947 265 1111 298 voluntate
1132 270 1134 291 ἲ

378 321 636 365 permanserint,
664 320 794 353 tandem
819 319 1040 359 dimittantur,
1071 327 1112 350 ne

379 376 451 409 aliis
478 375 710 419 impedimento
735 374 810 406 sint.

423 430 438 473 g
463 429 494 462 7.
521 429 750 466 Decernentes‚
773 426 903 459 easdem
920 428 1112 468 praesentes
1134 440 1135 449 κ

379 482 514 522 litteras,
534 485 566 514 et
586 481 619 512 in
638 480 683 513 eis
708 483 861 512 contenta
879 486 1112 520 quaecumque,

381 535 477 568 etiam
502 545 539 567 ex
565 544 603 566 eo
637 533 725 576 quod
757 529 876 574 aliqui¹
902 530 933 562 in
958 527 1115 572 praemis-

380 589 422 622 sis
446 588 603 621 interesse
629 587 788 618 babentes
812 594 868 616 seu
894 583 1016 615 habere
1039 591 1116 623 quo-

379 640 561 674 modolibet
584 638 854 682 praetendentes,
882 635 1114 676 cuiuscumque

380 699 490 733 status,
523 693 651 735 gradus,
681 690 815 727 ordinis,
840 687 1116 732 praeeminentiae

381 752 413 780 et
437 745 602 789 dignitatis
634 744 794 783 existant,
829 742 921 774 aliive
954 740 1114 784 quilibet,

381 799 477 833 etiam
515 797 667 841 specifica
703 801 735 829 et
758 795 923 828 individua
952 792 1116 826 mentione

381 857 412 885 et
437 851 646 895 expressione
683 849 797 892 digni,
832 848 897 881 illis
930 857 995 880 non
1036 855 1117 879 con-

381 905 564 945 senserint,
595 914 655 937 nec
688 903 727 936 ad
759 913 796 935 ea
820 901 948 940 vocati,
973 899 1061 933 citati
1087 904 1140 932 et*

381 958 504 998 auditi,
539 967 644 1000 neque
685 965 799 989 causae
814 981 822 995 ,
862 958 998 997 propter
1037 962 1116 995 quas

382 1011 471 1054 ipsae
492 1015 682 1053 praesentes
701 1007 895 1047 emanarint,
916 1005 1118 1038 sufficienter

380 1064 548 1104 adductae,
571 1061 755 1096 verificatae
782 1066 813 1093 et
837 1058 1028 1092 iustificatae
1053 1068 1117 1090 non

381 1117 511 1156 suerint,
537 1121 594 1149 aut
618 1126 654 1148 cx
689 1114 752 1147 alia
785 1123 987 1157 quacumque
1017 1121 1117 1154 quan-

380 1170 497 1203 tumvis
518 1169 675 1212 legitima,
699 1167 836 1200 iuridica
861 1171 892 1199 et
915 1165 1119 1210 privilegiata

381 1225 486 1264 causa,
509 1224 630 1262 colore,
648 1226 817 1265 praetextu
838 1225 869 1253 et
885 1219 1003 1263 capite,
1023 1218 1118 1251 etiam

381 1277 414 1309 in
439 1286 576 1320 corpore
601 1275 679 1308 iuris
705 1275 813 1307 clauso
829 1300 836 1314 ‚
865 1274 953 1306 nullo
977 1282 1119 1315 unquam

383 1336 531 1373 tempore
562 1329 601 1362 (le
635 1327 856 1371 subreptionis
881 1327 930 1359 vel
956 1325 1120 1368 obreptio-

382 1383 432 1416 nis
457 1387 511 1415 aut
534 1381 694 1415 nullitatis
719 1380 818 1420 vitio,
847 1390 907 1412 seu
931 1378 1120 1412 intentionis

384 1441 524 1476 nostrae,
541 1439 595 1467 aut
608 1435 765 1467 interesse
780 1433 971 1466 habentium
985 1443 1121 1465 consen-

383 1490 458 1529 sus,
485 1488 589 1522 aliove
615 1487 764 1531 quolibet
793 1486 888 1520 etiam
915 1485 1119 1529 quantumvis

385 1551 501 1583 magno
538 1546 569 1573 et
610 1539 817 1573 substantiali
857 1538 1120 1581 individuamque

386 1595 627 1638 expressionem
645 1594 833 1637 requirente
859 1593 986 1626 defectu
1003 1592 1120 1632 notari,

386 1648 580 1693 impugnari,
608 1647 756 1690 infringi,
783 1647 962 1687 retractari,
987 1646 1019 1679 in
1045 1656 1122 1679 con-

387 1702 578 1736 troversiam
603 1701 732 1741 vocari,
755 1701 794 1734 ad
818 1700 900 1732 viam
926 1710 983 1732 seu
1010 1699 1121 1731 termi-

386 1765 446 1788 nos
471 1755 550 1787 iuris
574 1754 623 1787 vel
648 1753 915 1787 constitutionum
941 1751 1017 1785 dicti
1035 1752 1122 1784 Ordi-

386 1808 436 1841 nis
455 1808 578 1849 reduci,
598 1807 652 1840 au't
669 1807 820 1840 adversus
839 1806 910 1838 illas
933 1805 1122 1848 aperitionis

385 1862 462 1903 oris,
489 1860 706 1894 restitutionis
730 1860 763 1892 in
788 1860 965 1902 integrum,
993 1858 1121 1891 aliudve

387 1915 613 1958 quodcumque
631 1913 708 1946 iuris
727 1917 758 1946 et
776 1912 848 1945 facti
866 1913 914 1945 vel
937 1912 1056 1955 gratiae
1076 1922 1124 1945 re-

386 1967 527 2001 medium
547 1967 701 2000 intentari
718 1967 767 1999 vel
786 1965 963 2009 impetrari,
989 1971 1042 1998 aut
1066 1966 1123 1998 im-

387 2026 528 2065 petrato,
548 2031 604 2053 seu
627 2019 723 2053 etiam
744 2024 843 2058 motu,
866 2018 1000 2051 scientia
1022 2024 1052 2051 et
1069 2029 1122 2062 po-

388 2074 509 2107 testatis
529 2073 732 2117 plenitudine
747 2072 879 2115 paribus
896 2081 1053 2104 concesso
1075 2072 1122 2104 vel

388 2133 549 2167 emanato,
563 2126 746 2170 quempiam
771 2125 804 2157 in
823 2124 947 2157 iudicio
967 2126 1016 2158 vel
1036 2130 1124 2157 extra

390 2180 469 2213 illud
493 2179 539 2212 uti
556 2189 611 2212 seu
630 2189 664 2211 se
682 2178 790 2211 iuvare
805 2188 912 2221 posse,
927 2177 982 2210 sed
995 2177 1123 2209 easdem

389 2237 580 2277 praesentes
605 2232 729 2265 litteras
754 2240 883 2273 semper
908 2235 940 2262 et
964 2235 1124 2273 perpetuo

391 2285 638 2326 firmas,validas
649 2290 680 2317 et
693 2284 837 2317 efficaces
852 2283 990 2316 existere
1003 2288 1034 2316 et
1046 2283 1123 2323 fore,

391 2349 533 2382 suosque
563 2337 726 2382 plenarios
759 2342 791 2370 et
814 2337 959 2379 integros
993 2336 1126 2370 effeetus

392 2392 504 2426 sortiri
523 2396 554 2425 et
579 2391 739 2430 obtinere,
757 2401 792 2423 ac
808 2390 885 2430 illis,
900 2390 939 2422 ad
957 2400 1037 2432 quos
1057 2400 1127 2433 spe-

392 2451 457 2479 ctat
474 2450 506 2478 et
522 2455 581 2488 pro
599 2449 747 2486 tempore
765 2442 1037 2485 quandocumque
1059 2452 1127 2484 spe-

392 2499 512 2538 ctabit,
536 2497 569 2530 in
595 2495 744 2529 omnibus
771 2500 802 2527 et
836 2505 894 2537 per
917 2496 1026 2527 omnia
1050 2496 1123 2538 ple-

430 2572 438 2596 1
462 2567 553 2596 Verba
572 2567 618 2593 ista
640 2566 727 2594 etiam
754 2573 789 2592 ex
817 2572 847 2592 eo
868 2565 943 2600 quod
963 2565 1059 2601 aliqui
1078 2573 1127 2593 nos

392 2615 517 2643 addimus
537 2612 577 2650 (R.
596 2612 643 2646 T.)-

1153 214 1306 241 ROMANUM

1155 264 1284 297 nissime
1311 263 1490 307 suffragari,
1516 270 1547 298 et
1571 267 1609 298 ab
1636 267 1682 299 eis
1706 268 1887 310 respective

1156 317 1387 350 inviolabiliter
1404 324 1436 350 et
1460 318 1650 353 inconcusse
1674 320 1839 354 observari
1857 327 1889 355 et

1133 408 1135 417 Ι
1155 370 1344 414 adimpleri,
1363 371 1484 414 sicque,
1503 377 1533 404 ct
1550 383 1613 404 non
1631 373 1736 414 aliter,
1753 374 1785 407 in
1799 386 1890 418 prac-

1156 423 1263 455 missis
1287 434 1347 466 per
1372 434 1595 467 quoscumque
1614 425 1737 459 iudices
1761 428 1890 460 ordina-

1156 475 1221 507 rios
1245 480 1276 508 et
1300 476 1487 518 delegatos,
1520 477 1615 510 etiam
1641 489 1812 512 causarum
1836 492 1892 524 pa-

1156 527 1223 560 latii
1249 529 1421 571 apostolici
1448 530 1635 571 auditores,
1663 542 1700 564 ac
1724 532 1755 564 S.
1790 533 1826 565 R.
1853 534 1888 566 E.

1157 581 1353 620 cardinales,
1381 581 1478 614 etiam
1504 583 1542 615 de
1568 583 1669 616 latere
1694 585 1834 627 legatos,
1861 591 1893 619 et

1159 633 1237 666 alios
1262 634 1428 676 quoslibet
1453 646 1654 679 quacumque
1672 639 1894 681 praeeminen-

1160 685 1201 718 tia
1225 692 1256 718 et
1280 691 1441 730 potestate
1467 688 1637 731 fungentes
1658 694 1691 723 et
1710 691 1891 733 sanctorm,

1159 739 1283 772 sublata
1298 739 1344 773 eis
1364 745 1395 772 et
1415 751 1529 774 eorum
1550 743 1682 776 cuilibet
1703 745 1814 787 quavis
1836 745 1895 779 ali-

1161 797 1211 825 ter
1235 793 1401 827 iudicandi
1427 801 1458 828 et
1482 795 1718 839 interpretandi
1745 798 1893 832 facultate

1160 851 1191 879 et
1208 847 1408 888 auctoritate,
1424 848 1558 881 iudicari
1572 855 1603 882 et
1617 850 1743 883 definiri
1758 851 1890 894 debere,

1161 909 1196 932 ac
1212 905 1341 933 irritum
1359 906 1391 933 et
1408 901 1513 942 inane,
1533 902 1560 934 si
1581 913 1674 936 secus
1692 913 1790 948 super
1809 905 1859 938 his
1877 917 1893 938 a

1161 963 1347 996 quoquam,
1383 955 1495 997 quavis
1520 956 1728 998 auctoritate,
1755 958 1894 992 scienter

1161 1006 1210 1038 vel
1236 1006 1446 1047 ignoranter,
1472 1008 1645 1051 contigerit
1669 1011 1832 1044 attentari.

1205 1060 1218 1102 ξ
1244 1058 1275 1091 8.
1303 1059 1371 1093 Non
1397 1060 1601 1094 obstantibus
1628 1063 1829 1105 praemissis,
1860 1075 1895 1097 ac
1933 1076 2091 1097 Canu-auorum

1906 1103 1991 1128 deri-gai
1998 1109 2024 1122 Ιυ.

1161 1113 1445 1146 constitutionibus
1476 1119 1506 1146 et
1537 1115 1796 1149 ordinationibus
1821 1128 1896 1160 apo-

1162 1166 1306 1206 stolicis,
1332 1177 1461 1200 necnon
1485 1167 1616 1201 Ordinis
1649 1174 1680 1202 et
1714 1170 1897 1212 provincia-

1163 1229 1231 1251 rum
1256 1230 1293 1253 ae
1318 1226 1536 1253 conventuum
1563 1222 1760 1263 huiusmodi,
1787 1224 1896 1257 aliisve

1163 1273 1347 1315 quibusvis,
1374 1273 1469 1306 etiam
1504 1274 1705 1316 iuramento,
1732 1277 1898 1310 confirma-

1164 1325 1251 1359 tione
1268 1327 1457 1369 apostolica,
1475 1329 1523 1360 vel
1542 1328 1652 1371 quavis
1668 1329 1815 1363 [irruitate
1837 1331 1898 1364 alia

1165 1379 1335 1419 roboratis,
1362 1380 1489 1412 statutis
1526 1386 1558 1413 et
1590 1383 1895 1423 consuetudinibus,

1164 1432 1341 1475 privilegiis
1367 1444 1517 1476 quoque,
1545 1433 1679 1467 indultis
1717 1441 1747 1467 et
1780 1436 1898 1469 litteris

1164 1485 1363 1527 apostolicis,
1382 1485 1504 1518 eisdem
1529 1486 1640 1519 Ordini
1660 1493 1691 1519 et.
1711 1489 1896 1530 provinciis,

1165 1547 1200 1569 ac
1224 1538 1462 1578 conventibus,
1488 1539 1685 1582 illorumque
1718 1542 1898 1584 respectiie

1165 1591 1318 1633 magistro
1333 1591 1475 1633 generali
1492 1598 1523 1625 et
1537 1593 1802 1635 provincialibus,
1818 1595 1900 1626 aliis-

1165 1655 1226 1686 que
1252 1644 1492 1687 superioribus,
1520 1645 1670 1678 fratribus
1695 1650 1725 1678 et
1751 1647 1900 1689 personis

1165 1697 1383 1740 quibuslibet,
1409 1698 1468 1729 sub
1506 1697 1763 1742 quibuscumque
1789 1700 1901 1733 verbo-

1166 1760 1236 1781 rum
1262 1750 1430 1782 tenoribus
1457 1756 1488 1782 et
1513 1751 1636 1791 formis,
1665 1762 1700 1784 ac
1725 1762 1797 1784 cum
1823 1753 1901 1795 qui—-

1165 1802 1272 1834 busvis
1297 1802 1391 1835 etiam
1424 1803 1702 1846 derogatoriarum
1728 1805 1902 1847 derogato-

1165 1855 1238 1896 riis,
1269 1856 1405 1899 aliisque
1442 1856 1693 1897 etlicaeioribus,
1722 1857 1902 1890 efficacissi-

1165 1908 1226 1941 mis
1258 1913 1288 1941 et
1323 1909 1461 1942 insolitis
1488 1910 1658 1951 clausulis,
1685 1910 1902 1944 irritantibus-

1167 1973 1229 2006 que
1256 1968 1286 1995 et
1317 1963 1387 1995 aliis
1400 1962 1420 2002 ¹,
1448 1963 1480 1995 in
1500 1974 1619 2005 genere
1642 1965 1693 1998 vel
1723 1965 1754 1997 in
1781 1966 1898 2009 specie,

1166 2027 1222 2049 seu
1255 2017 1333 2050 alias
1359 2017 1606 2059 quomodolibet
1640 2017 1673 2050 in
1702 2019 1900 2052 contrarium

1166 2071 1414 2113 praemissorum
1450 2070 1694 2112 quomodolibet
1727 2072 1899 2111 concessis,

1167 2123 1362 2157 confirmatis
1388 2128 1419 2155 et
1444 2122 1625 2163 innovatis;
1652 2123 1769 2166 quibus
1801 2125 1902 2157 omni-

1167 2178 1225 2210 bus
1243 2183 1275 2210 et
1291 2177 1443 2218 singulis,
1461 2176 1584 2208 etiamsi
1606 2187 1664 2219 pro
1681 2177 1811 2209 illorum
1837 2178 1902 2210 suf-

1168 2229 1288 2264 ficienti
1318 2229 1528 2272 derogatione
1557 2230 1596 2262 de
1626 2229 1688 2262 illis
1722 2240 1901 2273 eorumque

1169 2283 1243 2317 totis
1269 2283 1445 2321 tenoribus,
1463 2282 1622 2325 specialis,
1649 2282 1820 2325 specifica,
1849 2294 1903 2316 ex-

1145 2365 1147 2375 ,
1168 2347 1282 2380 pressa
1299 2342 1329 2369 et
1347 2335 1523 2375 individua,
1541 2346 1577 2367 ac
1597 2335 1636 2367 de
1661 2335 1760 2368 verbo
1779 2336 1818 2369 ad
1832 2347 1904 2369 ver-

1169 2391 1258 2429 bum,
1278 2400 1343 2422 non
1358 2395 1461 2422 autem
1478 2399 1538 2432 per
1555 2389 1714 2422 clausulas
1733 2391 1903 2431 generales

1169 2444 1254 2477 idem
1279 2443 1508 2486 importantes‚
1535 2443 1656 2476 mentio
1688 2453 1745 2476 seu
1771 2445 1902 2487 quaevis

1171 2497 1232 2531 alia
1256 2496 1421 2539 expressio
1448 2496 1608 2536 habenda,
1629 2501 1684 2528 aut
1707 2497 1816 2541 aliqua
1841 2498 1903 2532 alia

1172 2549 1330 2593 exquisita
1354 2549 1456 2581 forma
1481 2549 1518 2581 ad
1546 2549 1606 2581 hoc
1627 2550 1784 2583 servanda
1808 2551 1902 2592 foret,

1207 2612 1217 2637 1
1240 2610 1350 2638 Videtur
1365 2610 1459 2638 deesse
1474 2610 1594 2639 decretis
1607 2611 1646 2646 (n.
1662 2611 1712 2647 tu).

1889 220 1942 247 An.
1958 221 1987 248 C.
2011 221 2078 249 1695
