2227 3225
162 204 214 231 An.
235 203 263 230 C.
282 203 343 231 1691
927 201 1134 225 INNOCENTIUs‘
1158 201 1200 224 3³11
1226 202 1272 225 ΓΡ.

356 252 533 285 cessarium
565 251 672 283 oleum
698 250 736 283 ad
762 250 903 283 studium
937 249 1091 292 praeben·
1112 257 1115 325 Ι
1135 249 1215 281 alius
1232 249 1472 291 oppositionem
1491 251 1667 292 celebrans,
1685 255 1868 287 convocatis

358 309 422 336 tur.
441 304 502 337 Pro
519 314 553 336 se
571 309 688 341 autem,
706 308 836 346 praeter
849 313 945 335 unam
963 302 1092 334 missam
1135 301 1285 333 omnibus
1310 303 1473 344 graduatis
1498 304 1536 336 de
1558 315 1700 344 numero,
1719 318 1754 339 ac
1773 308 1868 340 etiam

357 356 508 390 omnibus
539 356 762 390 sacerdotibus
788 356 886 389 semel
913 355 943 387 in
970 355 1092 387 licbdo-
1113 352 1116 413 ἱ
1136 353 1311 386 lectoribus
1338 354 1501 394 iubilatis,
1526 357 1580 399 qui
1606 360 1778 391 conventui
1808 363 1871 394 col-

359 410 453 442 mada
484 419 688 449 concessam,
715 409 794 443 alias
819 409 897 442 duas
929 407 1092 441 celebrare
1114 418 1116 437 i
1137 406 1264 448 legiove
1289 407 1463 447 adfuerint,
1479 414 1510 441 et
1527 410 1593 442 eius
1619 410 1767 445 similiter
1784 424 1871 456 prae-

358 463 490 505 potesn,
1137 459 1220 499 lato,
1249 469 1320 491 cum
1352 460 1431 504 ipsis
1468 462 1557 495 ineat
1591 465 1762 498 consilium
1786 467 1871 499 circa

404 526 426 548 1.
454 514 532 553 Quia
549 526 584 549 ex
604 516 690 549 recta
709 508 911 548 institutione
936 515 1094 547 lectorum
1115 522 1118 554 ἡ
1136 512 1362 546 sufficientiam
1384 516 1626 557 oppositorum,
1646 519 1764 560 quibus
1785 520 1873 552 audi-

360 569 480 612 pendet
504 568 641 601 maxime
660 573 838 611 proventus
858 573 888 600 et
908 567 1029 599 utilitas
1046 567 1096 600 lit-
1115 572 1119 624 Ι
1139 565 1188 604 tis,
1210 576 1271 608 per
1295 577 1327 599 se
1354 568 1507 601 decernat
1532 580 1600 610 eos,
1631 571 1684 614 qui
1711 572 1743 604 in
1766 572 1872 616 primo

362 627 511 662 terarum,
537 621 699 665 praesenti
725 621 956 654 constitutione
986 619 1097 652 decer·
1138 623 1192 650 aut
1216 620 1358 652 secundo
1383 621 1485 662 gradu
1510 633 1642 656 manere
1663 624 1803 657 debeant
1820 636 1874 669 ap-

198 525 268 546 Carur
283 524 317 545 ΙΙΙ.

193 551 223 572 De
234 551 348 572 tectoribus

164 578 263 599 creandis
278 580 299 598 ot
314 582 349 602 op-

165 607 272 631 positione
284 603 311 625 ad
322 604 349 624 le-

166 633 245 652 cturas.

1766 197 1830 229 5315
1876 208 1924 234 tin.
1945 207 1973 233 c.
1994 208 2054 233 um

361 674 478 715 nimus,
497 679 529 707 ut
554 674 664 706 nullus
683 673 720 706 ad
739 673 979 716 oppositionem
1001 673 1098 705 lectu-

362 737 416 760 rae
442 732 504 760 tam
526 727 642 759 artium
664 736 760 769 quam
785 725 969 768 theologiae
987 725 1100 758 admit-

363 785 459 819 tatur,
486 780 547 812 nisi
573 779 718 812 decursis
744 778 776 811 in
802 778 928 821 integra
952 777 1099 821 philoso-

363 832 442 875 phia
467 832 570 864 tribus
593 831 686 864 annis
703 831 883 875 completis,
904 835 1001 874 prout
1018 830 1100 863 infe-

363 884 429 916 rius
462 884 699 923 declarabitur,
724 893 758 916 ac
794 888 930 926 quatuor
963 882 1099 925 integris

363 936 488 980 pariter
504 937 536 969 in
556 936 743 979 theologiae
762 936 934 979 disciplina
950 935 1099 979 peractis,

365 995 396 1022 et
412 989 475 1022 nisi
500 989 727 1023 conclusiones
751 989 916 1032 utriusque
943 988 1101 1021 facultatis

364 1042 496 1085 publice
522 1043 705 1076 defenderit
728 1043 904 1075 secundum
929 1046 1103 1074 consuetu-

366 1094 475 1128 dinem
506 1095 743 1138 provinciarum
769 1106 786 1127 a
810 1094 950 1137 capitulo
974 1094 1103 1137 provin-

367 1147 440 1181 ciali
465 1148 688 1192 approbatam.

411 1211 447 1235 ιι.
473 1201 706 1244 Oppositiones
729 1206 837 1234 autem
869 1211 929 1244 pro
959 1200 1103 1243 qualibet

368 1253 491 1287 lectura
505 1254 682 1288 obtinenda
701 1254 746 1287 ita
767 1254 997 1287 inviolabiliter
1013 1263 1104 1296 prae·

367 1305 524 1339 mittimus
549 1312 622 1339 ante
649 1306 885 1339 institutionem
910 1305 1050 1343 lectoris,
1069 1311 1104 1337 ut

369 1363 432 1391 tam
457 1358 489 1391 in
514 1359 637 1391 artibus
669 1369 765 1402 quam
792 1359 824 1391 in
850 1359 1013 1400 theologia
1038 1368 1101 1390 non

369 1410 472 1454 possit
493 1411 609 1454 aliquis
627 1412 660 1444 in
676 1413 832 1445 lectorem
850 1411 926 1454 eligi
944 1411 1003 1443 nisi
1023 1411 1103 1443 facta

369 1464 579 1507 oppositione
597 1465 629 1498 in
654 1474 814 1498 concursu
837 1464 979 1508 generali
997 1469 1028 1497 et
1045 1474 1103 1507 pu-

369 1516 466 1558 blico,
491 1528 508 1550 a
525 1517 714 1561 provinciali
742 1518 792 1550 vel
817 1517 974 1560 magistro
992 1527 1046 1549 seu
1065 1517 1103 1549 ab

368 1570 448 1613 ipsis
470 1577 665 1614 potestatem
692 1571 832 1604 habente
858 1575 1046 1609 convocato,
1074 1577 1104 1604 et

370 1622 434 1655 nisi
459 1622 523 1657 duo
548 1623 694 1666 graduati
711 1624 750 1657 de
775 1634 911 1657 numero
936 1624 974 1657 ad
1000 1624 1106 1657 minus

370 1682 557 1718 praesentes
582 1676 758 1710 extiterint.

415 1739 462 1762 111.
487 1728 597 1762 Modus
622 1739 698 1762 vero
730 1730 948 1773 oppositionis
974 1731 1016 1764 ita
1041 1732 1104 1770 sit,

370 1785 407 1813 ut
435 1781 573 1824 quisque
604 1781 756 1815 videlicet
790 1793 826 1815 ex
864 1783 1106 1826 oppositoribus

373 1838 446 1866 ante
477 1833 732 1877 vigintiquatuor
756 1835 865 1876 horas,
891 1841 923 1868 et
948 1847 1012 1869 non
1039 1848 1106 1869 ain-

373 1885 471 1928 plius,
492 1886 661 1920 materiam
686 1887 834 1920 lectionis
859 1889 967 1932 eligat,
990 1894 1022 1922 et
1047 1900 1106 1933 pro

374 1938 469 1971 libito
507 1939 661 1982 suscipiat
693 1949 729 1972 ex
765 1940 867 1973 tribus
900 1942 1029 1984 punctis
1059 1944 1107 1975 vel

375 1990 525 2033 capitulis
549 2001 608 2034 per
632 1997 751 2025 sortem
786 1993 846 2025 sibi
872 2003 908 2026 ex
934 1994 1108 2028 Aristotele

375 2044 425 2077 vel
449 2043 602 2087 Magistro
628 2046 875 2087 sententiarum,
895 2047 982 2080 iuxta
1007 2049 1109 2091 quali-

377 2101 474 2129 tatem
490 2097 641 2137 lecturae,
659 2099 856 2142 propositis;
876 2111 938 2143 quo
963 2106 1109 2145 tempore

376 2149 497 2192 elapso,
516 2149 686 2182 confestim
709 2150 742 2183 in
767 2162 897 2186 arenam
922 2154 1108 2195 descendat,

378 2206 410 2234 et
424 2211 485 2244 per
502 2211 599 2234 unam
625 2202 738 2236 horam
763 2205 895 2248 publice
917 2216 1022 2240 coram
1041 2218 1112 2251 pro-

379 2253 517 2295 vinciali,
538 2260 595 2288 aut
617 2255 713 2288 etiam
738 2258 901 2300 magistro,
927 2260 975 2292 vel
1000 2270 1111 2293 eorum

378 2310 573 2349 potestatem
588 2307 738 2349 habente,
756 2314 787 2342 et
802 2310 929 2353 reliquo
942 2321 1111 2352 concursu,

378 2362 544 2401 punctum,
558 2359 727 2392 materiam
746 2362 795 2394 vel
817 2368 912 2405 caput
937 2363 997 2395 sibi
1023 2365 1113 2396 sorti-

379 2415 449 2443 tum
473 2417 622 2454 exponat,
640 2417 675 2444 ut
690 2423 750 2456 per
769 2414 864 2447 aliam
889 2415 1002 2449 horam
1022 2427 1113 2460 argu-

381 2463 499 2496 mentis
522 2465 749 2508 oppositorum
772 2467 958 2501 satisfaciat.

1139 671 1269 714 probati
1296 673 1334 705 ad
1361 674 1515 707 lecturam
1541 686 1600 718 pro
1633 687 1695 720 qua
1726 678 1874 711 decerta-

1139 725 1262 764 verint,
1290 725 1370 758 itaut
1396 727 1465 770 ipse
1491 729 1700 771 provincialis
1732 732 1782 764 vel
1811 742 1877 764 rna-

1141 776 1252 818 gister,
1273 783 1328 809 aut
1352 779 1433 812 alius
1452 780 1491 812 ab
1509 780 1587 823 ipsis
1608 787 1801 825 potestatem
1822 784 1876 816 ha-

1141 828 1231 869 bens,
1247 830 1285 862 ad
1305 841 1366 871 cas,
1385 842 1466 874 quae
1489 837 1565 866 tunc
1580 836 1628 867 vel
1650 846 1710 878 pro
1731 842 1876 880 tempore

1141 883 1335 923 vacaverint,
1361 885 1464 927 possit
1482 886 1520 919 de
1545 886 1633 929 ipsis,
1651 893 1682 921 et
1703 899 1768 922 non
1793 890 1876 931 aliis,

1142 935 1263 977 eligere
1289 946 1383 979 quem
1416 939 1584 980 maluerit,
1615 944 1739 974 servata
1770 947 1878 976 tamen

1143 988 1299 1030 qualitate
1325 995 1356 1022 et
1380 991 1479 1033 gradu
1506 994 1766 1036 approbationis,
1792 995 1880 1029 iuxta

1144 1041 1279 1082 gradum
1301 1048 1332 1075 et
1349 1044 1536 1086 qualitatem
1562 1047 1705 1080 lecturae
1731 1049 1780 1081 vel
1800 1050 1877 1082 loci.

1121 1084 1124 1139 l
1144 1093 1343 1128 Secretarius
1361 1107 1437 1130 vero
1455 1099 1651 1142 approbatos
1670 1106 1702 1134 et
1725 1102 1880 1145 reproba-

1120 1144 1125 1210 ἶ
1144 1151 1194 1179 tos
1208 1147 1239 1179 in
1255 1149 1440 1190 provinciae
1458 1151 1543 1184 libro
1557 1154 1752 1195 conscribat,
1766 1160 1814 1195 ut,
1825 1155 1881 1199 qui

1123 1201 1271 1233 'valeant
1295 1202 1433 1236 lectores
1459 1205 1548 1250 eligi,
1573 1206 1702 1249 publice
1724 1213 1861 1241 constet

1189 1264 1219 1286 v.
1246 1255 1275 1287 Si
1307 1256 1380 1298 quis
1405 1268 1478 1290 vero
1504 1259 1573 1292 siue
1599 1260 1704 1303 aliqua
1725 1272 1762 1294 ex
1789 1273 1882 1304 prae-

1146 1308 1237 1341 dictis
1265 1309 1525 1343 solemnitatibus
1561 1319 1687 1345 creatus
1714 1314 1812 1347 fuerit
1837 1316 1882 1348 le-

1145 1366 1221 1399 ctor,
1248 1371 1284 1393 ex
1311 1371 1394 1394 nunc
1416 1363 1618 1397 declaramus
1636 1366 1791 1399 lecturam
1812 1368 1881 1400 eius

1146 1414 1264 1447 nullius
1285 1425 1353 1447 esse
1379 1416 1507 1448 roboris
1526 1422 1557 1448 et
1573 1418 1700 1458 valoris,
1719 1424 1750 1452 et
1767 1430 1882 1461 annos,

1146 1466 1265 1509 quibus
1280 1467 1405 1509 legerit,
1420 1467 1458 1500 ad
1473 1469 1592 1510 gradus
1606 1471 1802 1505 obtinendos
1818 1483 1884 1505 non

1146 1520 1266 1552 debere
1292 1521 1470 1563 computari
1496 1532 1554 1564 pro
1575 1523 1704 1556 merito.

1190 1582 1230 1604 vt.
1247 1572 1452 1605 Declaramus
1469 1574 1573 1607 adhuc
1591 1577 1793 1618 praedictum
1812 1589 1885 1612 exa-

1147 1635 1221 1657 men
1243 1635 1299 1657 seu
1327 1626 1565 1668 oppositionem
1583 1629 1703 1662 debere
1722 1630 1753 1662 in
1772 1632 1884 1664 eadem

1148 1679 1279 1710 materia
1304 1677 1381 1717 fieri,
1408 1689 1444 1711 ex
1471 1680 1560 1713 cuius
1585 1691 1706 1723 genere
1725 1683 1820 1716 fuerit
1844 1686 1885 1717 le-

1148 1736 1238 1762 ctura
1273 1731 1494 1773 providenda,
1533 1733 1612 1766 itaut
1648 1745 1712 1767 non
1750 1737 1886 1769 sufficiat

1148 1784 1339 1826 approbatio
1360 1784 1398 1816 ad
1423 1786 1579 1819 lecturam
1606 1787 1734 1827 artium,
1754 1794 1787 1820 ut
1813 1789 1885 1831 quis

1147 1842 1319 1869 censeatur
1342 1838 1541 1880 approbatus
1565 1839 1605 1872 ad
1623 1841 1777 1874 lecturam
1796 1842 1885 1875 theo-

1149 1889 1262 1931 logiae,
1288 1894 1341 1921 aut
1363 1899 1379 1922 e
1401 1900 1573 1924 converso.

1194 1952 1215 1974 ι.
1243 1941 1294 1974 Sic
1329 1942 1480 1975 institutis
1516 1944 1690 1979 lectoribus
1716 1957 1733 1979 a
1757 1948 1887 1990 provin·
1923 1954 2080 2002 iffgp'ffinffivt

1150 1994 1221 2026 ciali
1246 1996 1294 2027 vel
1315 1995 1479 2038 magistro,
1495 1997 1696 2030 decernimus
1722 2004 1753 2032 et
1777 2001 1981 2054 statui-upum
2014 2009 2079 2029 tecto-

1151 2057 1220 2080 mus
1256 2049 1394 2080 lectores
1431 2050 1546 2082 artium
1583 2053 1686 2084 teneri
1725 2063 1784 2095 per
1818 2042 1931 2087 tres‘''

1152 2109 1249 2133 annos
1274 2102 1455 2143 completos
1478 2103 1630 2136 continuo
1655 2106 1764 2148 legere
1789 2111 1820 2138 et
1845 2107 1888 2138 in·

1153 2154 1324 2195 terpretari
1343 2164 1453 2187 omnes
1469 2155 1569 2189 libros
1579 2157 1761 2191 Aristotelis
1777 2160 1808 2191 in
1828 2160 1888 2192 hac

1153 2207 1274 2238 lectura
1291 2206 1378 2239 iuxta
1395 2210 1657 2243 consuetudinem
1676 2213 1890 2255 comprehen-

1154 2269 1217 2299 sos,
1242 2259 1285 2292 ita
1309 2260 1433 2293 scilicet
1468 2267 1504 2294 ut
1538 2262 1570 2295 in
1605 2264 1754 2298 omnibus
1786 2266 1890 2298 tribus

1155 2312 1245 2344 annis
1270 2313 1356 2355 legat
1379 2323 1438 2356 per
1469 2315 1616 2349 ordinem
1649 2320 1823 2351 summulas
1860 2324 1892 2351 et

1154 2365 1293 2408 logicam
1310 2377 1384 2399 cum
1401 2367 1531 2410 isagoge
1545 2369 1728 2413 Porphyrii,
1742 2377 1773 2403 et
1791 2372 1892 2404 libros

1155 2419 1633 2461 praedicamentorum,deinde
1659 2423 1760 2457 libros
1785 2425 1892 2468 pliysi.

1155 2481 1277 2513 corum,
1304 2483 1375 2505 cum
1400 2473 1536 2517 reliquis
1561 2475 1600 2508 de
1625 2479 1833 2519 generatione
1859 2484 1893 2511 et

426 2526 469 2549 iv.
495 2517 562 2551 Hoc
579 2518 687 2562 itaque
709 2521 854 2554 examine
878 2528 1020 2565 peracto,
1042 2534 1114 2566 pro·
1156 2526 1376 2568 corruptione,
1401 2527 1440 2560 de
1464 2529 1576 2570 anima,
1595 2531 1727 2572 mundo,
1749 2533 1838 2565 caelo
1860 2538 1891 2566 et

362 2623 383 2634 :z
428 2630 436 2633 -

383 2567 545 2611 vincialis,
574 2572 624 2604 vel
649 2572 818 2616 magister,
847 2575 895 2608 vel
920 2575 1112 2620 quicumque
1157 2579 1346 2613 metheoris.

1891 2620 1906 2636 1
