2254 3225
203 187 252 212 An.
268 185 298 211 c.
320 185 381 210 insu
433 175 497 208 ⁶:¹³2

395 232 430 262 Ut
454 241 505 261 nos
537 231 566 261 in
600 234 649 260 tuo
672 232 773 260 sancto
796 237 856 258 ser-

474 281 545 311 vitio
567 288 741 311 conservare
756 279 857 317 digne-

475 329 533 367 ris,
774 332 801 357 te
819 335 967 365 rogamus,
985 323 1051 354 audi
1068 331 1130 352 nos,

397 378 452 408 Fili
476 377 543 414 Dei,
775 380 803 405 te
821 383 967 413 rogamus,
984 371 1051 402 audi
1067 379 1131 399 nOS.

397 426 452 456 Fili
476 425 542 462 Dei,
773 428 801 453 te
819 430 967 460 rogamus,
984 419 1052 449 audi
1067 427 1130 447 nos.

397 474 452 503 Fili
476 474 546 511 Dei,
776 476 803 501 te
822 478 969 508 rogamus,
986 466 1053 497 audi
1068 474 1131 495 nos.

397 524 497 561 Agnus
520 522 586 558 Dei,
610 521 660 560 qui
688 520 765 550 tollis
793 528 857 558 pec-

477 575 540 600 cata
563 569 682 606 mundi,
789 576 873 606 parce
889 565 983 602 nobis,
999 562 1132 594 Domine.

399 621 498 658 Agnus
520 618 587 655 Dei,
611 618 661 657 qui
688 617 765 647 tollis
792 625 858 655 pee-

478 672 541 697 cata
565 666 662 696 mundi
675 689 682 703 ,
800 663 903 694 exaudi
920 671 983 700 nOS,
1001 660 1131 691 Domine.

400 717 500 755 Agnus
523 715 593 751 Dei,
617 714 667 753 qui
690 712 767 743 tollis
794 721 859 752 pec-

480 768 542 793 cata
565 762 683 798 mundi,
817 760 891 790 dona
915 757 999 788 nobis
1021 764 1133 796 pacem.

400 814 525 850 Christe,
549 812 614 842 audi
638 820 700 841 nos.

401 861 526 897 Christe,
549 859 654 890 exaudi
676 867 740 889 nos.

401 910 525 946 Christe,
549 908 670 938 eleison.

402 958 488 996 Kyrie
511 957 633 987 eleison.

402 1007 487 1036 Pater
509 1009 619 1043 noster,
643 1008 699 1034 etc.

468 1077 474 1083 .
497 1055 530 1084 Et
552 1063 587 1083 ne
609 1062 661 1082 nos
681 1051 801 1081 inducas
823 1050 853 1080 in
876 1048 1081 1084 tentationem,

469 1125 476 1132 .
499 1101 555 1132 Sed
578 1100 669 1130 libera
692 1108 745 1129 nos
767 1108 782 1128 a
805 1098 891 1127 malo.

469 1174 476 1181 .
499 1150 616 1181 Salvum
639 1149 682 1179 fac
705 1156 822 1178 servum
846 1150 928 1177 tuum
951 1145 1085 1182 Domine,

471 1223 476 1229 .
500 1200 575 1229 Deus
599 1207 692 1235 meus,
716 1200 883 1237 sperantem
906 1195 935 1225 in
958 1199 999 1224 te.

471 1272 477 1278 .
501 1248 579 1277 Mitte
600 1246 639 1284 ei,
662 1245 794 1282 Domine,
817 1243 959 1274 auxilium
975 1242 1010 1272 de
1025 1244 1137 1276 sancto,

471 1320 477 1325 .
501 1296 534 1326 Et
556 1295 592 1324 de
613 1294 682 1324 Sion
705 1298 788 1323 tuere
810 1300 887 1322 eum.

471 1368 477 1374 .
501 1344 569 1374 Esto
591 1343 630 1381 ei,
653 1342 783 1378 Domine,
807 1340 898 1371 turris
920 1336 1111 1375 fortitudinis,

470 1416 478 1423 .
502 1393 524 1422 Α
547 1392 619 1422 facie
640 1390 763 1421 inimici.

472 1464 478 1471 .
501 1440 578 1470 Nihil
600 1439 731 1479 proficiat
752 1436 889 1467 inimicus
910 1436 939 1466 in
962 1444 1007 1473 e0,

446 1491 479 1528 132.
502 1489 535 1519 Et
558 1488 635 1517 silius
666 1485 829 1525 iniquitatis
856 1493 913 1514 non
940 1485 1067 1523 apponat
1089 1489 1141 1510 no-

406 1547 472 1568 cere
494 1537 532 1567 ei.

447 1585 480 1625 pt.
503 1584 636 1621 Domine,
659 1582 763 1613 exaudi
785 1581 949 1612 orationem
973 1588 1078 1616 meam,

447 1637 480 1674 13¹.
503 1634 537 1664 Et
559 1633 670 1663 clamor
692 1641 774 1661 meus
796 1630 831 1660 ad
847 1634 874 1660 te
892 1629 999 1659 veniat.

448 1683 479 1723 pb.
501 1682 640 1713 Dominus
662 1680 823 1710 vobiscum.

447 1735 477 1772 ψ.
501 1733 534 1762 Et
555 1739 621 1762 cum
643 1730 748 1769 spiritu
772 1733 848 1758 tuo..

711 1777 835 1808 oremus.

447 1829 533 1866 Deus,
550 1827 600 1867 qui
622 1836 680 1856 non
697 1830 820 1856 mortem
842 1822 1013 1864 peccatoris,
1026 1821 1075 1852 sed
1092 1830 1142 1861 per

409 1877 616 1918 poenitentiam
643 1880 671 1905 et
701 1874 934 1904 emendationem
957 1872 1045 1901 vitam
1068 1879 1142 1900 sem-

410 1936 460 1966 per
482 1925 620 1964 inquiris
644 1928 670 1954 te
692 1923 865 1962 suppliciter
886 1922 1088 1960 deprecamur,
1112 1923 1142 1950 ut

409 1975 477 2005 huic
494 1974 599 2004 famulo
614 1971 811 2002 saecularibus
831 1970 943 2000 actibus
963 1968 1142 1999 renuntianti

410 2023 489 2061 large
511 2022 626 2062 pietatis
642 2026 707 2051 tuae
723 2020 842 2058 gratiam
866 2019 1017 2049 infundere
1041 2019 1143 2056 digne-

411 2072 462 2106 ris,
486 2074 628 2110 quatenus
656 2069 759 2099 castris
780 2068 837 2098 tuis
859 2068 1000 2103 insertus,
1024 2068 1063 2097 ita
1090 2067 1142 2097 tibi

412 2119 563 2148 militando
575 2118 699 2147 stadium
712 2117 786 2146 vitae
802 2116 962 2156 praesentis
975 2124 1144 2155 percurrere

412 2167 522 2204 valeat,
540 2170 571 2195 ut
590 2165 722 2195 bravium
744 2169 877 2194 aeternae
899 2163 1144 2193 remunerationis

414 2220 441 2245 te
462 2215 587 2245 donante
609 2213 759 2252 percipiat.
783 2212 837 2242 Per
858 2211 1014 2248 Christum,
1032 2215 1087 2241 etc.

717 2259 842 2290 Oremus.

454 2312 538 2345 Deus,
562 2309 610 2349 qui
632 2307 871 2339 renunciantibus
891 2308 1006 2337 saeculo
1022 2307 1147 2337 mansio-

415 2370 480 2392 nem
504 2367 657 2399 praeparas
672 2357 701 2387 in
717 2357 807 2392 caelo,
824 2356 910 2386 dilata
927 2356 1013 2385 huius
1029 2360 1145 2386 sanctae

416 2407 655 2447 congregationis
677 2404 835 2444 temporale
864 2403 1061 2433 habitaculum
1083 2414 1146 2433 cae-

416 2457 538 2489 lestibus
560 2455 654 2489 bonis,
672 2458 700 2484 et
715 2455 840 2493 praesta,
864 2457 895 2482 ut
917 2453 1044 2482 fraterna
1067 2457 1147 2482 tene-

442 1054 467 1481 *QQvQffl‘l-Qfflsswzssss

960 177 1138 203 mumamru
1164 175 1315 199 nomxmt

1173 223 1321 262 simplices
1346 225 1373 250 et
1398 220 1506 259 quieti,
1531 218 1717 258 professionis
1744 217 1847 248 domus
1873 217 1902 247 in

1173 272 1280 303 Ordine
1303 275 1351 301 tuo
1373 270 1427 300 sibi
1449 269 1547 299 datum
1570 268 1658 298 fuisse
1688 268 1779 306 gratia
1800 276 1905 305 cogno-

1173 325 1275 357 scant,
1299 319 1455 349 concordet
1476 327 1575 348 eorum
1599 317 1654 347 vita
1677 326 1742 347 cum
1765 316 1903 352 nomine,

1174 373 1204 399 ut
1227 367 1367 407 professio
1387 367 1530 397 sentiatur
1557 366 1586 396 in
1609 374 1705 405 opere.
1734 365 1789 395 Per
1810 364 1906 395 Domi-

1174 426 1260 453 num,
1283 420 1339 446 etc.

1481 463 1604 494 Oremus.

1214 513 1303 551 Deus,
1326 512 1375 552 qui
1399 521 1451 542 nos
1473 522 1487 541 a
1510 511 1619 541 saeculi
1641 511 1768 541 vanitate
1786 518 1908 540 conver-

1175 571 1221 591 sos
1252 561 1287 591 ad
1321 565 1456 591 aeternae
1488 560 1646 590 vocationis
1673 559 1808 589 accendis
1829 567 1908 588 amo·

1176 619 1248 647 reni,
1268 610 1433 650 pectoribus
1449 609 1556 639 nostris
1577 607 1765 648 purificandis
1775 606 1908 644 illabere,

1175 664 1203 690 et
1224 660 1347 698 gratiam
1370 658 1452 689 nohis
1466 682 1473 696 ,
1496 667 1552 697 qua
1574 657 1604 687 iu
1629 661 1655 687 te
1676 664 1908 696 perseveremus,

1176 708 1308 746 infunde,
1332 712 1363 738 ut
1386 706 1575 747 protectionis
1590 710 1655 736 tuae
1676 705 1780 735 muniti
1802 703 1911 744 praesi-

1176 758 1243 796 diis,
1266 766 1341 796 quae
1364 760 1390 786 te
1412 755 1539 785 donante
1564 753 1763 793 promisimus,
1790 752 1911 792 implea-

1178 816 1252 844 mus,
1266 810 1308 843 ut,
1326 808 1440 835 nostrae
1457 802 1644 843 professionis
1660 805 1829 832 executores
1845 800 1912 831 effe-

1178 855 1227 892 cti,
1251 855 1285 884 ad
1308 863 1352 892 ea,
1376 862 1450 892 quae
1471 851 1658 882 credentibus
1674 851 1703 881 in
1728 855 1753 881 te
1775 850 1912 889 dignatus

1179 914 1208 934 es
1225 903 1404 943 premittere‚
1422 901 1633 941 pertingamus.

1223 972 1270 996 111.
1290 960 1413 994 Deinde
1437 963 1548 1001 surgat
1571 957 1724 997 novitius,
1738 962 1769 990 et
1792 956 1913 1001 profes-

1179 1016 1303 1048 sionem
1340 1025 1356 1047 a
1387 1023 1420 1046 se
1451 1013 1502 1045 vel
1534 1011 1573 1044 ab
1605 1011 1669 1044 alio
1701 1011 1913 1055 conscriptam

1181 1067 1308 1111 publice
1335 1066 1448 1103 faciat,
1475 1070 1507 1097 et
1530 1065 1616 1107 legat
1639 1063 1672 1096 in
1698 1063 1758 1096 hac
1789 1064 1912 1096 forma:

1185 1132 1198 1151 α
1214 1120 1281 1162 Ego
1303 1119 1402 1151 frater
1418 1117 1454 1149 N.
1480 1116 1564 1150 filius
1589 1127 1624 1150 ex
1649 1116 1794 1158 legitimo
1811 1116 1916 1149 matri-

1182 1171 1290 1205 monio
1311 1170 1348 1204 N.
1369 1176 1400 1203 et
1417 1169 1465 1209 N.,
1483 1169 1515 1202 in
1534 1169 1606 1202 loco
1628 1168 1722 1212 (urbe
1748 1169 1796 1202 vel
1822 1168 1916 1212 oppi-

1181 1224 1241 1267 do)
1265 1224 1301 1257 N.
1328 1229 1422 1256 natus
1448 1228 1480 1256 et
1507 1227 1704 1265 procreatus,
1732 1221 1813 1254 facio
1841 1232 1916 1265 pro-

1182 1277 1363 1317 fessionem,
1379 1282 1410 1309 et
1426 1276 1580 1319 promitto
1598 1274 1827 1314 obedientiam,
1841 1285 1917 1318 pau-

1182 1335 1336 1373 pertatem
1357 1334 1388 1362 et
1413 1328 1592 1361 castitatem
1611 1328 1782 1360 observare
1799 1327 1863 1360 Deo
1884 1331 1917 1359 et

1181 1382 1383 1416 beatissimae
1409 1391 1446 1414 ac
1469 1381 1691 1413 immaculatae
1717 1379 1838 1422 Virgini
1854 1379 1918 1412 Ma-

1182 1435 1247 1468 riae
1280 1439 1376 1478 atque
1406 1434 1502 1466 beato
1535 1432 1663 1475 parenti
1691 1437 1811 1471 ⁴nostro
1843 1432 1916 1464 divo

1181 1488 1275 1521 Petro
1291 1487 1436 1526 Nolasco,
1466 1491 1498 1519 et
1519 1485 1576 1518 tibi
1602 1485 1637 1517 N.
1662 1484 1916 1518 commendatori

1182 1541 1278 1574 huius
1307 1540 1420 1573 domus
1448 1538 1485 1571 N.
1515 1538 1633 1580 regalis
1658 1537 1786 1570 Ordinis
1815 1537 1918 1580 ipsius

1182 1594 1406 1626 immaculatae
1422 1591 1560 1634 Virginis
1578 1589 1693 1623 Mariae
1715 1590 1753 1623 de
1771 1589 1917 1623 Mercede

1182 1645 1425 1688 Redemptionis
1449 1643 1653 1687 Captivorum
1676 1643 1743 1675 vice
1769 1652 1919 1675 reveren-

1183 1699 1302 1732 dissimi
1329 1698 1426 1742 patris
1454 1697 1555 1731 nostri
1584 1696 1729 1740 magistri
1758 1695 1918 1739 generalis

1182 1757 1213 1784 et
1230 1761 1453 1784 successorum
1473 1750 1551 1790 eius,
1569 1749 1747 1782 secundum
1771 1749 1918 1792 regulam

1182 1804 1283 1837 sancti
1301 1804 1401 1847 patris
1418 1802 1519 1836 nostri
1538 1802 1719 1844 Augustini,
1748 1807 1780 1835 et
1802 1800 1921 1834 consti·

1183 1857 1325 1890 tutiones
1352 1856 1510 1900 praedicti
1537 1854 1675 1895 Ordinis,
1699 1859 1794 1898 prout
1818 1854 1849 1887 in
1874 1853 1919 1887 eis

1183 1909 1377 1949 continetur,
1395 1919 1515 1952 eroque
1540 1908 1697 1942 obediens
1715 1907 1771 1940 tibi
1797 1911 1827 1939 et
1847 1917 1919 1939 suc-

1183 1962 1366 1996 cessoribus
1391 1962 1454 1994 tuis
1483 1972 1584 2004 usque
1610 1960 1649 1993 ad
1670 1965 1817 1999 mortem,
1836 1964 1867 1992 et
1885 1958 1918 1991 in

1183 2025 1413 2049 saracenorum
1450 2019 1609 2056 potestate
1646 2013 1677 2046 in
1713 2012 1832 2056 pignus
1847 2039 1855 2052 ,
1891 2011 1918 2044 si

1184 2079 1317 2102 necesse
1349 2067 1455 2107 fuerit,
1479 2067 1518 2100 ad
1546 2065 1807 2109 redemptionem
1835 2064 1919 2098 chri-

1184 2122 1369 2156 stifidelium
1388 2121 1536 2153 detentus
1553 2118 1691 2152 manebo
1709 2130 1740 2150 n.

1228 2185 1271 2208 iv.
1300 2174 1420 2207 Exinde
1450 2182 1525 2205 vero
1555 2176 1768 2215 prosequatur
1788 2171 1820 2204 in
1837 2170 1919 2204 haec

1186 2228 1303 2261 verba:
1336 2238 1349 2258 α
1366 2225 1465 2265 Quam
1492 2224 1727 2268 professionem
1753 2229 1868 2267 sponte
1886 2227 1919 2256 et

1185 2281 1324 2314 libenter
1341 2279 1463 2318 emitto,
1477 2282 1610 2321 peracto
1628 2276 1688 2310 iam
1706 2277 1832 2319 integro
1847 2285 1919 2320 pro-

1185 2333 1326 2367 bationis
1355 2342 1455 2370 anno,
1489 2335 1521 2363 et
1549 2329 1735 2373 praemissis
1767 2328 1917 2361 omnihus

1187 2385 1351 2430 requisitis
1387 2385 1471 2417 iuxta
1495 2382 1630 2417 Concilii
1657 2381 1838 2415 Tridentini
1864 2381 1919 2414 de-

1186 2443 1274 2473 creta
1291 2442 1322 2471 et
1338 2435 1495 2480 praedicti
1512 2434 1640 2467 Ordinis
1658 2433 1920 2473 constitutiones,

417 2511 503 2536 antur
525 2503 707 2543 compagine,
730 2501 882 2532 charitatis
903 2501 1064 2535 unanimes,
1080 2510 1148 2530 con—
1187 2501 1271 2534 quae
1295 2489 1402 2523 omnia
1425 2488 1484 2521 sile
1510 2493 1542 2520 θῑ
1564 2486 1705 2530 legii-ime
1730 2487 1763 2519 in
1781 2497 1830 2520 me
1848 2496 1921 2530 pro·

418 2554 570 2587 tinentiam
605 2555 786 2591 praeceptam
815 2549 998 2586 custodiant,
1032 2548 1144 2587 sobrii,
1187 2548 1363 2584 cesserunt,
1382 2548 1413 2576 et
1430 2541 1538 2576 debite
1558 2541 1639 2574 facta
1656 2547 1753 2580 sunt;
1780 2539 1811 2573 in
1829 2539 1920 2574 cuitu

408 2602 414 2613 b

1909 167 1960 194 An.
1981 170 2009 195 [ι’.
2027 167 2091 194 1691
