2227 3225
75 246 124 271 An.
147 244 175 272 C.
195 245 262 272 1691

104 1208 130 1225 Νι
150 1207 256 1230 eremitis.

75 1242 80 1253 t
105 1238 157 1253 untix
167 1240 186 1252 et
195 1240 258 1260 quat!-

75 1261 206 1285 sinain-hus,

850 243 1059 267 INNocttNrtt's
1084 243 1128 265 ΧΠ
1153 242 1200 265 PP-

268 293 524 329 fraternitatibus
552 294 669 327 erectis
698 303 754 326 seu
783 292 949 335 erigendis
975 291 1006 323 in

269 347 416 381 ecclesiis
431 352 647 381 conventuum
666 357 722 380 seu
737 345 1007 379 monasteriorum

266 400 451 444 praedictae
488 400 672 444 provinciae
708 399 896 433 exercitium
932 397 1006 430 Viae

266 453 374 486 Crucis
399 459 430 486 et
455 453 614 487 orationis
639 453 789 486 mentalis
812 451 1006 496 quamcitius

265 506 459 547 stabiliatur,
485 517 588 550 eoque
614 502 814 546 introducto,
837 516 899 538 una
917 515 933 537 e
955 504 1007 537 do-

265 559 392 592 minicis
418 570 475 593 seu
500 560 614 593 diebus
639 559 758 593 festivis
784 570 842 603 pro
860 558 1007 602 quolibet

266 623 377 646 mense
403 624 420 646 a
451 613 619 656 superiore
660 613 756 647 locali
794 613 832 645 de
869 622 1005 645 assensu

268 666 448 700 discretorii
474 668 651 700 conventas
683 677 738 699 seu
764 664 952 699 monasterii
973 665 1005 697 in

268 724 462 762 perpetuum
489 719 705 762 assignabitur
730 719 769 752 ad
805 728 1007 761 consequen-

268 772 341 804 dam
356 772 592 815 indulgentiam
608 773 788 816 plenariam
804 772 978 808 novissime
990 781 1007 803 a

267 825 469 860 sanctissimo
484 826 615 859 domino
630 831 739 860 nostro
750 825 939 859 Innocentio
955 824 1006 856 >111

266 877 299 910 in
332 878 423 911 Brevi
454 878 507 912 Ad
531 889 566 911 ea
593 878 729 922 benique
753 889 950 912 concessam.
971 877 1007 910 Et

268 932 344 975 qnia
357 932 577 975 indulgentiae
591 933 739 966 stationis
748 933 798 967 SS.
810 931 1006 966 Sacramenti

268 991 438 1019 revocatae
464 997 528 1019 non
550 992 634 1027 sunt,
652 987 752 1030 ipsius
767 986 915 1019 recitatio
934 985 1008 1029 q'uo-

267 1039 391 1072 tidiana
430 1040 579 1073 omnibus
618 1046 681 1073 tam
719 1041 875 1073 fratribus
911 1050 1007 1083 quam

269 1093 461 1126 monialibus
487 1098 517 1126 et
548 1094 700 1128 tertiariis
730 1094 951 1128 saecularibus
976 1104 1007 1126 e-

269 1146 342 1180 nixe
369 1147 627 1181 commendatur.

312 1209 382 1233 xxv.
421 1199 531 1238 Quoad
557 1200 731 1234 Tertiarios
764 1211 821 1234 sen
854 1200 1006 1234 eremitas

270 1253 383 1286 habitu
401 1254 505 1287 nostri
520 1253 648 1287 Ordinis
670 1265 727 1288 sen
750 1255 789 1288 de
808 1253 1007 1298 poenitentia

269 1306 437 1348 illegitime
463 1306 604 1346 indutos,
624 1317 752 1340 omnem
767 1306 942 1339 adhibeant
959 1317 1009 1339 cu-

269 1369 336 1391 ram
363 1358 543 1392 visitatores
569 1359 665 1392 Tertii
690 1359 818 1393 Ordinis
834 1359 1006 1403 praedicti,

268 1418 303 1445 ut
319 1412 479 1445 Ordinarii
494 1413 641 1446 locorum
663 1424 718 1446 eos
739 1412 1008 1446 irremissibiliter

268 1465 405 1508 puniant
432 1464 519 1497 iuxta
544 1466 780 1509 praescriptum
805 1465 1008 1498 constitutio-

268 1528 345 1551 num
369 1518 633 1562 apostolicarum,
661 1529 740 1562 quas
760 1530 849 1552 saera
866 1519 1007 1561 Congre-

269 1571 354 1614 gatio
380 1571 607 1615 episcoporum
626 1577 657 1605 et
674 1573 871 1615 regularium
894 1573 944 1605 die
958 1583 1007 1606 xxi

268 1625 374 1657 martii
407 1635 589 1658 tinctxxxvl
618 1625 738 1658 eisdem
772 1626 956 1659 executioni
975 1636 1008 1659 o-

268 1677 378 1710 mnino
392 1678 545 1711 mandare
563 1678 737 1721 praecepit.
758 1679 913 1721 Legitime
930 1690 1006 1712 vero

269 1740 305 1763 ac
330 1730 390 1763 rite
417 1731 519 1763 induti
545 1735 696 1774 poterunt
721 1732 844 1765 admitti
870 1733 909 1765 ad
934 1743 1008 1776 per-

270 1783 467 1816 noctandum
489 1788 520 1816 et
545 1784 780 1817 demorandum
805 1785 865 1817 sub
885 1786 1006 1828 vulgari

269 1836 363 1869 titulo
389 1842 421 1869 et
445 1836 556 1869 habitu
582 1837 777 1870 donatorum
802 1837 835 1869 in
860 1848 1005 1871 conven-

271 1889 356 1923 tibus
380 1890 588 1934 provinciae3
621 1890 795 1934 licebitque
820 1891 1008 1933 guardianis

271 1953 326 1977 eos
372 1944 412 1976 ad
456 1943 716 1987 quaestuandum
759 1945 1004 1987 transmittere,

271 1997 400 2040 quando
426 2001 457 2030 et
481 1997 608 2040 quoties
633 1997 819 2040 praesentia
837 1997 1008 2041 religioso-

271 2060 342 2082 rum
367 2060 431 2083 non
452 2050 550 2083 fuerit
566 2049 769 2083 necessaria:
788 2055 819 2083 et
838 2050 911 2083 dum
927 2051 1007 2084 haec

269 2101 1006 2147 indispensabilisiudicetur,mittanturprimo

269 2155 343 2188 laici
368 2156 525 2199 religiosi,
553 2157 696 2189 secundo
722 2157 905 2189 sacerdotes
930 2167 1008 2190 con-

270 2208 403 2249 fessarii,
421 2208 557 2253 quarto¹
574 2210 814 2252 praedicatores
829 2211 926 2253 vulgo
940 2211 1006 2243 sab-

269 2260 370 2294 batini
396 2261 485 2303 dicti,
505 2261 618 2306 quinto
637 2263 878 2305 praedicatores
905 2263 1007 2306 quali-

269 2313 364 2356 ficati‚
382 2321 471 2348 sexto
489 2316 630 2348 lectores
649 2315 881 2359 philosophiae
901 2321 1006 2349 actua-

269 2367 334 2401 lis*
359 2368 483 2402 muneri
512 2370 690 2402 lectoratus
723 2380 788 2402 non
817 2369 1007 2403 incumben-

270 2428 318 2456 tes
335 2449 342 2463 ,
367 2423 507 2466 septimo
539 2424 725 2457 sacerdotes
757 2425 873 2457 actuali
899 2424 1004 2458 studio

270 2476 335 2509 sive
361 2477 590 2520 philosophiae
626 2478 692 2511 sive
729 2478 913 2521 theologiae
942 2489 1002 2522 apa

269 2530 398 2574 plicati;
424 2541 591 2574 nunquam
617 2537 725 2565 tamen
753 2531 922 2565 mittantur
941 2533 1022 2566 cle-.

306 2603 316 2628 1
340 2601 421 2628 Deest
442 2602 526 2629 tertio
546 2603 585 2635 (n.
602 2603 650 2638 r.).

304 2646 320 2674 2
341 2645 439 2674 Forsan
461 2647 570 2675 actuali
588 2654 623 2682 (a.
640 2648 687 2682 τ.).

1051 290 1108 323 rici
1134 290 1295 323 choristae
1314 289 1400 333 apud
1417 289 1578 332 Hispanos
1594 289 1784 331 nuncupati,

1050 351 1109 374 nec
1134 341 1336 384 posteriores
1363 346 1470 383 patres
1489 340 1521 372 in
1540 339 1684 382 praefata
1702 338 1783 371 serie

1049 394 1208 437 appositi,
1234 393 1294 426 nisi
1321 403 1384 427 non
1415 391 1539 426 adsint¹
1568 393 1617 426 vel
1639 391 1703 424 sint
1722 391 1785 424 iam

1048 446 1195 489 occupati
1214 457 1270 479 seu
1289 446 1436 490 impediti
1458 445 1658 485 anteriores,
1684 449 1717 476 ut
1741 443 1787 475 sic

1049 500 1168 533 rectius
1183 500 1371 533 consulatdr
1385 499 1528 533 recessui
1543 499 1629 532 intra
1639 499 1785 532 claustra»

1049 564 1112 596 quo
1137 554 1278 598 quisque
1304 564 1417 587 eornm
1442 553 1568 595 indiget
1591 552 1630 585 ad
1656 551 1788 595 explen-

1049 606 1124 639 dum
1149 617 1241 639 suum
1266 617 1382 640 munus
1408 606 1601 650 respective.
1635 604 1787 643 Quaestu-

1048 665 1138 692 antes
1163 666 1285 701 autem,
1311 661 1336 693 si
1363 661 1584 704 eleemosynas
1608 668 1723 692 omnes
1749 668 1786 691 ex

1048 712 1174 755 integro
1193 714 1413 747 communitati
1434 724 1501 746 non
1514 712 1788 756 consignaverint,

1048 771 1100 797 aut
1126 766 1301 810 quidquam
1328 777 1365 799 ex
1391 766 1455 800 illis
1487 765 1549 799 sibi
1582 766 1641 799 sub
1677 765 1789 809 quovis

1049 825 1214 861 praetextu
1236 826 1290 853 aut
1310 821 1432 854 motivo
1452 819 1698 860 reservaverint,
1712 829 1790 862 poe-

1048 871 1087 905 na
1113 873 1405 917 proprietariorum
1426 884 1443 907 a
1462 873 1642 918 guardiano
1663 873 1789 906 indefe-

1048 925 1206 959 ctibiliter
1224 927 1413 970 puniantur.

1093 989 1175 1013 xxvi.
1196 980 1378 1014 Conventus
1397 980 1641 1014 recollectionis
1668 979 1706 1013 ad
1724 979 1790 1023 pri-

1049 1032 1169 1065 stinum
1194 1034 1243 1066 sui
1269 1034 1406 1067 instituti
1431 1034 1575 1078 rigorem
1598 1034 1789 1078 quamcitius

1050 1085 1249 1128 redigantur,
1270 1087 1301 1119 in
1327 1087 1437 1131 eisque
1463 1088 1636 1121 novitiatus
1661 1092 1692 1121 et
1715 1097 1792 1131 pro-

1050 1140 1185 1173 fessoria
1210 1151 1268 1183 pro
1293 1141 1418 1174 clericis
1443 1152 1498 1175 seu
1528 1141 1681 1175 choristis
1713 1151 1791 1174 con-

1049 1193 1232 1233 stituantur,
1258 1199 1293 1226 ut
1317 1194 1400 1227 sicut
1432 1195 1486 1228 alii
1518 1205 1578 1238 pro
1610 1195 1724 1228 studiis
1757 1200 1789 1228 et

1050 1247 1211 1280 exercitiis
1237 1247 1403 1281 litterariis
1429 1249 1621 1289 deserviunt,
1643 1247 1705 1292 ipsi
1728 1258 1788 1292 pro

1050 1301 1239 1334 educatione
1264 1302 1407 1344 perfecta
1431 1307 1463 1335 et
1487 1302 1647 1346 spirituali
1679 1302 1789 1335 iuven-

1050 1354 1125 1386 tutis
1151 1354 1338 1397 provinciae
1372 1355 1404 1387 in
1436 1356 1582 1388 maxima·
1604 1355 1789 1388 habeantur

1051 1407 1311 1448 existimatione,
1339 1413 1559 1452 poteruntque
1586 1409 1707 1442 ibidem
1733 1409 1789 1442 ad-

1050 1459 1136 1492 missi
1163 1460 1202 1493 ad
1227 1461 1472 1503 professionem,
1492 1467 1524 1494 et
1540 1461 1617 1494 alibi
1635 1461 1787 1505 professi,

1050 1513 1087 1545 ad
1115 1523 1171 1546 eos
1197 1518 1302 1546 tamen
1330 1514 1513 1547 transmissi
1539 1525 1600 1558 pro
1633 1520 1790 1558 opportu-

1050 1566 1131 1600 niori
1158 1567 1189 1599 in
1215 1567 1310 1600 bonis
1336 1567 1482 1600 moribus
1508 1567 1723 1609 radicatione,
1751 1577 1788 1601 ex

1049 1620 1113 1652 illis
1138 1620 1176 1653 ad
1202 1620 1384 1653 studiorum
1402 1627 1580 1654 conventus
1604 1632 1622 1654 a
1639 1621 1788 1654 ministro

1049 1673 1251 1716 provinciali,
1266 1673 1353 1706 iuxta
1367 1674 1518 1717 superius
1537 1674 1701 1718 disposita,
1717 1674 1788 1707 sine

1048 1728 1114 1760 ulla
1139 1729 1214 1760 nota
1239 1728 1429 1768 transferri,
1456 1738 1585 1761 necnon
1618 1729 1657 1761 ad
1690 1729 1790 1761 lectu-

1049 1793 1109 1823 ras,
1136 1783 1263 1826 aliaque
1288 1794 1423 1816 munera
1441 1789 1473 1816 et
1490 1783 1643 1816 exercitia
1660 1793 1790 1826 promo-

1050 1836 1134 1869 veri:
1158 1836 1276 1880 quibus
1302 1836 1447 1880 expletis
1463 1837 1487 1869 si
1514 1837 1552 1869 ad
1579 1836 1712 1870 eosdem
1737 1846 1789 1868 re-

1050 1889 1254 1923 collectionis
1291 1895 1467 1923 conventus
1507 1895 1622 1933 sponte
1658 1888 1788 1931 regredi

1052 1942 1221 1983 voluerint,
1240 1953 1304 1976 non
1325 1948 1478 1986 poterunt
1497 1942 1656 1986 impediri,
1672 1942 1710 1975 ad
1729 1943 1788 1975 hu-

1049 1995 1189 2029 iusmodi
1225 2001 1332 2029 tamen
1366 2006 1550 2038 regressum
1586 1996 1694 2029 nullus
1727 1996 1789 2029 erit

1049 2049 1231 2089 adstrictus,
1258 2049 1333 2092 quia
1358 2049 1449 2082 valde
1475 2048 1651 2092 expediens
1676 2059 1788 2082 cense-

1050 2107 1112 2141 tur,
1139 2102 1225 2145 quod
1250 2112 1372 2142 omnes,
1399 2103 1453 2145 qni
1480 2102 1723 2135 recollectionis
1742 2103 1788 2135 in-

1049 2154 1162 2188 stituto
1193 2155 1258 2188 sint
1292 2156 1522 2199 mancipandi,
1559 2156 1693 2199 speciali
1730 2156 1786 2189 Dei

1049 2209 1215 2242 vocatione
1233 2208 1314 2242 illud
1336 2208 1440 2242 libere
1466 2220 1502 2242 ac
1523 2214 1702 2252 spontanee
1723 2219 1788 2242 am-

1049 2263 1244 2305 plectantur.

1093 2326 1187 2349 xxvu.
1213 2315 1336 2349 Deinde
1359 2316 1411 2359 (ad
1439 2315 1600 2349 tollendas
1622 2315 1661 2350 de
1679 2316 1786 2351 medio
1823 2323 1980 2364 vtem-*¹⁰¹2

1049 2369 1255 2402 difficultates
1280 2380 1362 2413 quae
1381 2380 1550 2412 emergere
1579 2371 1685 2403 solent
1702 2351 1979 2424 circafiffla‘grrovnissia·

1049 2423 1241 2456 electionem
1265 2422 1374 2455 vicarii
1400 2423 1611 2466 provincialis
1645 2423 1677 2456 in
1710 2433 1786 2456 casu

1048 2476 1316 2516 renunciationis,
1344 2475 1560 2519 promotionis
1592 2476 1643 2509 vel
1674 2475 1786 2508 mortis

1047 2529 1208 2569 ministri,
1246 2539 1310 2572 quo
1350 2539 1428 2562 casu
1458 2534 1582 2562 'statuta
1617 2528 1786 2573 generalia

1048 2592 1146 2616 MDCLt
1177 2581 1404 2626 praescribunt
1433 2583 1519 2625 quod
1552 2582 1681 2625 dignior
1712 2592 1785 2626 pro-

1085 2648 1095 2673 1
1118 2645 1189 2673 Edit.
1211 2646 1292 2673 Main.
1315 2645 1379 2682 legit
1395 2645 1475 2674 adsit
1495 2648 1532 2681 (a.
1552 2646 1600 2681 r.).

1677 231 1741 264 045
1789 239 1838 265 An.
1856 238 1883 263 c.
1911 238 1975 264 ient

1827 991 1841 1011 A
1857 990 1981 1010 remum-tis.
