2254 3225
209 255 247 281 Λιι
279 254 306 280 ι’..
327 254 391 280 tea's
440 246 502 280 908
980 257 1090 281 ιιιιιυ
1094 257 1157 281 ιιιιιι
1185 257 1308 281 noum
1315 259 1333 281 ιι
1921 258 1969 286 Aa,
1988 259 2014 284 st.
2037 259 2101 285 iesu

400 304 520 338 laribus
545 305 772 350 cuiuscumque
798 305 938 347 Ordinis,
961 315 1138 349 congrega·
1179 305 1285 339 busvis
1311 306 1482 351 capitulis,
1506 308 1652 351 collegiis
1669 336 1676 349 ‚
1703 307 1910 341 societatibus

401 357 496 391 tionis
514 363 544 391 et
569 358 720 400 instituti,
741 370 979 403 quamcumque
1003 360 1043 393 ob
1069 370 1136 392 cau-
1180 363 1210 391 et
1227 360 1546 403 congregationibus,
1566 371 1693 394 necnon
1712 361 1860 394 omnibus
1879 365 1910 393 et

400 422 469 444 sam
505 422 662 445 concessa
680 441 688 454 ,
723 413 841 456 quibus
880 413 1069 455 indulgetur
1102 417 1137 445 ut
1179 411 1313 454 singulis
1332 413 1542 446 ecclesiarum
1565 425 1601 446 ac
1622 414 1748 457 piorum
1767 415 1910 447 locorum

400 470 561 499 certarum
578 466 751 500 missarum
769 467 818 500 vel
840 466 1134 500 anniversariortnn
1180 469 1241 497 tam
1265 466 1478 499 saecularium
1512 477 1607 510 quam
1640 467 1834 510 regularium
1859 476 1911 499 su-

400 518 634 560 celebratione,
653 524 707 552 aut
727 519 892 562 aliquibus
917 519 1062 552 collectis
1081 529 1135 551 seu
1178 517 1381 559 perioribus,
1407 520 1456 552 vel
1482 519 1552 552 aliis
1577 519 1615 552 ad
1642 530 1721 562 quos
1745 519 1909 563 pertine‘,

401 571 612 613 orationibus,
631 571 774 615 plurium
786 571 956 604 missarum
982 570 1136 604 oneribus
1179 570 1321 603 districte
1343 571 1504 614 probibet,
1523 582 1562 604 ne
1580 572 1611 604 in
1629 577 1794 615 posterum
1812 582 1912 605 onera

400 624 431 656 in
453 624 593 657 futurum
617 624 832 668 suscipiendis
857 624 1001 658 satisfiat.
1178 628 1335 665 perpetua
1353 624 1533 667 suscipiant
1554 624 1724 657 missarum
1749 625 1912 657 celebran-

233 685 364 706 ιι
444 687 486 711 iv.
514 678 558 710 Ac
583 677 744 718 similiter,
765 687 860 710 omne
886 677 1072 710 damnabile
1091 677 1135 709 lu·
1179 675 1310 716 darum,
1327 677 1509 710 saeculares
1528 677 1657 720 quidem
1680 677 1749 711 sine
1767 677 1911 722 episcopi

207 713 389 764 223-2›‘{iffssm⁴“³¹¹³
400 740 489 762 crum
507 729 546 762 ab
564 730 707 763 Ecclesia
732 740 901 763 removere
920 730 1044 770 volens,
1066 739 1136 772 pro·
1179 729 1229 761 vel
1247 728 1314 761 eius
1333 730 1492 772 generalis
1514 730 1633 771 vicarii,
1651 731 1817 774 regulares
1835 741 1911 765 vero

399 782 491 815 hibet
515 783 675 816 sacerdoti
693 783 746 826 qui
771 783 902 816 missam
928 782 1068 826 suscepit
1086 793 1136 815 ce·
1179 780 1247 814 sine
1272 782 1434 824 generalis
1454 783 1499 815 vel
1516 782 1724 826 provincialis
1750 793 1912 817 consensu

398 836 589 869 lebrandarn
619 846 691 868 cum
724 838 809 869 certa
838 835 1067 880 eleemosyna,
1095 846 1134 868 ne
1180 839 1210 866 ct
1235 834 1365 867 licentia
1395 835 1426 867 in
1457 835 1585 879 scriptis
1612 841 1643 869 et
1667 837 1765 879 gratis
1791 847 1909 870 conce-

399 889 544 922 eamdem
569 889 699 922 missam
725 889 840 929 alteri,
867 895 960 932 parte
992 889 1134 921 eiusdem
1180 886 1304 927 denda,
1331 887 1475 932 alioquin
1508 888 1708 930 saecularis,
1735 889 1789 932 qui
1819 889 1912 923 huius

398 942 624 985 eleemosynae
649 942 711 975 sibi
736 943 880 982 retenta,
906 942 1134 975 celebrandam
1179 940 1410 983 prohibitionis
1437 947 1656 984 transgressor
1682 942 1842 983 extiterit,
1873 943 1912 976 ab

399 995 589 1028 committat
1180 993 1327 1036 ingressu
1373 995 1528 1027 ecclesiae
1573 995 1764 1028 interdictus
1801 996 1840 1029 sit
1875 1008 1913 1031 eo

205 1054 274 1153 pff
276 1061 356 1102 ‘¹¹:35
361 1058 389 1102 “ss
444 1057 475 1080 v
495 1048 681 1088 Praeterfflei
708 1057 748 1079 ne
774 1046 807 1079 in
832 1047 991 1087 eeclesiis,
1015 1047 1136 1091 inqui·
1180 1046 1265 1089 ipso:
1288 1046 1446 1089 regularis
1464 1058 1541 1080 vero
1560 1058 1698 1091 poenam
1723 1048 1913 1092 privationis

218 1109 249 1127 ¹
252 1111 277 1128 ιι·
295 1115 331 1134 rur
343 1115 367 1128 1¹11
372 1100 460 1134 -bus
485 1111 586 1134 onela
610 1100 669 1133 mis
673 1110 777 1133 sarum
802 1100 835 1132 in
860 1105 1053 1158 perpetuum
1079 1100 1136 1133 im-
1179 1099 1320 1133 oninium
1337 1100 1526 1141 officiorum,
1549 1112 1630 1145 quae
1651 1107 1724 1135 tunc
1741 1102 1913 1144 obtinebit,

227 1141 273 1179 -ιιιρι
275 1137 349 1160 ¹nitius
340 1116 390 1155 stii-

207 1167 229 1180 re
235 1168 271 1181 ι.ι
275 1166 328 1181 ιιιιιι·.

400 1153 507 1196 posita
531 1158 622 1194 sunt,
647 1153 833 1186 sacetdotes
866 1153 897 1185 in
931 1153 993 1193 eis,
1021 1159 1055 1186 ut
1079 1163 1136 1196 pz'u

401 1212 458 1247 est,
479 1206 696 1249 adimplendis
716 1206 895 1249 tepidiores
911 1217 946 1239 ac
964 1206 1136 1249 segniores

399 1259 576 1292 reddantur
600 1259 689 1302 quod
726 1269 825 1292 onera
854 1258 1038 1292 huiusmodi
1064 1270 1135 1292 cum

399 1313 487 1346 nulla
509 1317 563 1345 aut
586 1314 684 1355 parva
702 1312 766 1345 sint
784 1311 921 1345 utilitate
947 1312 1133 1354 coniuncta,

399 1365 513 1398 statuit
542 1370 638 1408 atque
670 1365 835 1406 decernit,
860 1370 894 1397 ut
918 1365 1075 1408 pecuniae
1100 1376 1135 1399 ac

399 1418 483 1452 bona
507 1418 639 1452 mobilia
665 1418 824 1459 ecclesiis,
851 1418 1013 1462 capitulis,
1037 1420 1135 1453 colle-

398 1472 468 1516 giis,
495 1471 726 1515 hospitalibus,
752 1471 972 1512 societatibus,
999 1483 1135 1515 congre-

399 1525 598 1569 gationibus,
626 1525 845 1566 monasteriis,
871 1525 1081 1558 conventibus
1097 1536 1134 1559 ac

399 1578 477 1612 locis
501 1578 651 1612 omnibus
685 1583 747 1610 tam
783 1578 1004 1611 saecularibus
1038 1589 1133 1622 quam

399 1631 605 1675 regularibus
631 1636 728 1674 atque
760 1631 892 1664 illorum
924 1632 1070 1675 personis
1102 1633 1133 1665 in

400 1685 540 1717 futurum
564 1684 755 1727 simpliciter
779 1684 976 1727 acquirenda
1001 1695 1073 1718 cum
1100 1696 1134 1718 0-

398 1747 475 1770 nere
488 1742 646 1781 perpetuo
664 1737 835 1770 missarum
853 1737 1131 1779 cclclnandarum,

400 1791 438 1824 ab
463 1790 502 1824 iis
527 1791 567 1824 ad
592 1801 671 1834 quos
696 1790 847 1835 pertinet,
866 1791 925 1824 sub
950 1795 1058 1835 poena
1086 1794 1132 1826 in-

399 1843 528 1878 terdicti
554 1844 593 1877 ab
617 1845 765 1887 ingressu
787 1845 942 1878 ecclesiae
961 1845 1030 1889 ipso
1049 1846 1132 1880 facto

399 1896 617 1938 incurrenda‚
651 1908 668 1930 a
694 1897 745 1930 die
779 1897 876 1931 realis
908 1898 1132 1941 acquisitionis

398 1950 505 1983 statim
532 1949 650 1993 deponi
678 1950 817 1983 debeant
834 1961 933 1994 penes
955 1951 1068 1984 aedem
1088 1963 1134 1985 sa-

398 2013 496 2043 cram,
510 2003 560 2035 vel
583 2012 759 2046 personam
784 2001 846 2036 fide
872 2008 904 2035 ct
928 2003 1132 2037 facultatibus

400 2056 548 2089 idoneam
565 2082 572 2096 ,
599 2055 637 2088 ad
665 2054 814 2088 effectum
841 2056 895 2089 illa
919 2067 976 2089 seu
1002 2056 1134 2090 illorum

399 2109 537 2153 pretium
560 2109 799 2153 quamprimum
819 2109 1012 2143 investiendi
1031 2110 1063 2142 in
1080 2112 1133 2144 bo-

399 2163 448 2195 nis
462 2162 683 2195 immobilibus
699 2162 873 2196 fructiferis
891 2173 964 2196 cum
982 2167 1133 2208 expressa

399 2222 430 2249 ct
447 2215 610 2248 individua
633 2216 800 2249 mentione
827 2217 936 2250 oneris
965 2218 1051 2261 quod
1069 2218 1133 2251 illis

399 2279 559 2302 annexum
584 2269 757 2311 reperitur.
785 2270 829 2302 Ac
858 2270 883 2303 si
909 2270 1022 2304 eadem
1048 2272 1134 2304 bona

398 2321 577 2355 immobilia
610 2322 803 2355 auctoritate
840 2324 1019 2366 apostolica
1045 2325 1134 2358 dein-

399 2386 472 2419 ceps
499 2375 631 2408 alienari
650 2375 831 2417 eontigerit,
854 2378 1042 2410 eorumdem
1064 2389 1134 2421 pre-

399 2429 489 2470 tium,
515 2428 576 2462 sub
601 2428 712 2461 eadem
738 2430 860 2471 poena,
882 2435 917 2462 ut
941 2441 1049 2473 supra,
1081 2432 1134 2464 de-

398 2482 500 2526 poni,
535 2487 630 2525 atque
656 2481 688 2513 in
725 2481 796 2514 aliis
831 2482 926 2515 bouis
963 2484 1132 2517 stabilibus

398 2535 511 2568 itidem
538 2534 710 2566 fructiferis
741 2544 813 2566 cum
850 2534 993 2568 eiusdem
1026 2537 1133 2569 oneris

399 2587 598 2630 repetitione
634 2591 729 2629 atque
768 2587 949 2619 annexione
986 2590 1131 2621 converti

399 2640 526 2673 debeat,
554 2639 599 2672 Ad
626 2639 707 2672 bace
727 2649 816 2672 sacra
835 2639 1047 2683 Con-gregatio
1068 2642 1131 2686 qui-

1179 1163 1213 1185 ae
1237 1158 1414 1196 perpetuae
1439 1153 1654 1187 inhabilitatis
1671 1155 1709 1188 ad
1728 1155 1788 1188 alia
1806 1155 1844 1188 de
1863 1166 1914 1189 ee-

1180 1210 1247 1239 tero
1273 1206 1457 1247 obtinenda,
1479 1207 1630 1251 vocisque
1656 1208 1776 1241 activae
1794 1219 1829 1241 ac
1846 1220 1915 1253 pas-

1179 1259 1272 1301 sivae,
1291 1260 1413 1304 absque
1429 1260 1490 1293 alia
1512 1260 1911 1302 declaratione,incurrat.

1178 1313 1406 1358 Eleemosynas
1440 1324 1515 1347 vero
1547 1316 1715 1348 manuales
1743 1321 1774 1349 et
1799 1317 1910 1359 quoti-

1179 1366 1288 1399 dianas
1306 1377 1365 1409 pro
1384 1367 1489 1399 missis
1506 1368 1710 1401 celebrandis
1724 1368 1767 1402 ita
1785 1369 1915 1404 demum

1179 1419 1274 1452 iidem
1300 1420 1446 1464 accipere
1472 1420 1606 1463 possint,
1634 1422 1660 1454 si
1687 1422 1843 1456 oneribus
1863 1434 1915 1457 an-

1180 1478 1229 1506 tea
1254 1473 1412 1516 impositis
1437 1474 1480 1506 ita
1506 1475 1744 1517 satisfecerint,
1772 1482 1807 1509 ut
1830 1487 1915 1510 nova

1178 1537 1304 1569 quoque
1321 1537 1420 1559 onera
1434 1527 1601 1571 suscipere
1617 1529 1750 1570 valeant,
1767 1529 1912 1572 alioquin

1177 1579 1309 1612 omnino
1343 1579 1525 1612 abstineant
1555 1580 1593 1613 ab
1618 1581 1802 1615 huiusmodi
1828 1583 1912 1615 elee-

1178 1632 1331 1676 mosynis,
1354 1632 1449 1665 etiam
1474 1638 1591 1676 sponte
1618 1634 1744 1675 oblatis,
1772 1635 1804 1667 in
1828 1635 1913 1668 futu-

1178 1697 1247 1719 rum
1273 1686 1491 1729 recipiendis,
1519 1692 1550 1720 et
1585 1689 1733 1730 capsulas
1767 1689 1913 1723 auferant

1177 1741 1215 1773 ab
1241 1740 1385 1773 ecclesiis
1411 1751 1482 1773 cum
1508 1741 1723 1784 inscriptione
1748 1742 1802 1775 illa
1828 1743 1914 1776 Elee-

1177 1804 1311 1836 mosyna
1332 1803 1392 1836 pro
1418 1793 1533 1833 missis,
1561 1795 1609 1827 vel
1636 1794 1697 1828 alia
1721 1794 1828 1836 simili,
1853 1797 1913 1829 sub

1176 1847 1291 1878 iisdem
1317 1846 1432 1889 poenis
1467 1846 1538 1890 ipso
1570 1847 1651 1880 facto
1681 1848 1887 1883 incurrendis

1177 1910 1215 1932 ne
1241 1899 1353 1932 fideles
1379 1899 1441 1932 hae
1467 1900 1593 1933 ratione
1619 1900 1822 1935 frustrentur.

1220 1963 1261 1986 vl.
1280 1952 1458 1996 Episcopus
1476 1963 1563 1994 vero,
1586 1964 1643 1986 scu
1669 1953 1737 1987 eius
1757 1955 1911 1997 vicarius,

1177 2011 1230 2038 aut
1253 2005 1414 2047 generalis
1447 2006 1495 2038 vel
1528 2006 1759 2049 provincialis,

1904 1877 1911 1890 5

1178 2058 1306 2091 licentia
1332 2068 1389 2100 pio
1414 2058 1581 2115 perpetuis
1615 2060 1770 2093 oneribus
1795 2050 1974 2106 sueriutJmi

1177 2111 1334 2154 requisiti,
1365 2111 1397 2143 in
1423 2110 1494 2154 sin¹
1487 2111 1560 2144 ulis
1586 2112 1712 2145 casibus
1739 2113 1815 2146 dili
1800 2103 1928 2156 gentct¹

1177 2165 1340 2208 inquirant
1375 2164 1414 2197 de
1451 2164 1588 2207 singulis
1624 2165 1791 2199 missarum
1827 2168 1912 2200 ccle-

1176 2217 1373 2251 brandarum
1399 2217 1652 2260 obligationibus
1671 2218 1788 2261 cuique
1814 2221 1912 2253 cccle-

1177 2271 1255 2312 siae,
1275 2270 1472 2303 monasterio
1491 2275 1543 2302 aut
1564 2270 1635 2303 loco
1652 2270 1706 2313 pio
1728 2271 1911 2305 incumben-

1178 2324 1280 2365 tibus,
1306 2334 1366 2357 nec
1399 2328 1494 2356 antea
1526 2333 1691 2356 assensum
1721 2323 1909 2359 huiusmodi

1177 2383 1230 2410 aut
1250 2377 1414 2410 licentiam
1446 2376 1646 2420 praebeant,
1674 2387 1768 2420 quam
1795 2378 1841 2411 cis
1865 2380 1911 2412 lc-

1177 2430 1286 2473 gitime
1312 2430 1495 2463 constiterit
1518 2430 1605 2464 illius
1632 2431 1816 2464 sacerdotes
1848 2437 1911 2465 tam

1177 2495 1258 2517 novo
1284 2484 1375 2517 oneri
1410 2484 1616 2527 suscipiendo
1642 2495 1737 2528 quarn
1768 2487 1910 2530 antiquis

1176 2537 1238 2569 iam
1264 2536 1421 2580 susceptis
1447 2536 1632 2569 satisfacere
1655 2548 1762 2580 posse,
1787 2540 1911 2582 praeci-

1176 2600 1338 2633 puamque
1357 2590 1515 2623 rationem
1541 2590 1682 2623 habeant
1702 2596 1735 2624 ut
1755 2593 1908 2633 redditus,

1176 2642 1231 2687 qui
1257 2643 1402 2676 ccelesiis
1424 2647 1454 2676 et
1478 2643 1558 2676 locis
1582 2644 1644 2688 piis
1671 2645 1909 2689 relinquuntur,

1981 1965 2106 1990 Supernates

1905 1984 1985 2011 ’0111ssst
2031 1997 2081 2011 000¹*
2085 1998 2105 2011 Β·

1794 2009 1846 2041 ubi
1874 2010 2091 2043 ιὼιιιιοιιιι
2088 2024 2106 2037 ιι

1925 2050 1960 2069 1¹¹¹
1989 2050 2023 2063 ιι
2026 2045 2105 2068 ‘'lvi-u·

1970 2077 2092 2096 inssiipei

1924 2100 2000 2122 petitis.
