2227 3225
149 249 201 295 Ληζ
214 265 243 295 c.
265 267 329 296 1591

343 317 412 350 fieri
432 318 550 351 debere
576 316 752 349 stabilitum
772 320 889 355 manet.
913 319 1080 348 serventur

344 380 382 402 ea
399 380 480 413 quae
500 380 558 412 pro
580 369 704 401 casibus
724 368 939 402 devolutionis
964 367 997 399 in
1014 366 1079 399 suis

345 423 487 466 propriis
513 423 592 456 locis
617 422 737 455 sancita
762 421 965 464 reliquimus.

389 485 467 509 xvu.
494 475 660 509 Conclusis
688 475 815 515 tandem
848 472 985 517 quaein
1009 471 1084 505 defi-

347 529 468 562 nitorio
494 529 622 562 decreta
639 533 670 561 et
687 533 818 571 peracta
842 527 971 565 fuerint,
989 536 1083 558 nemo

347 582 520 623 vocalium,
548 582 574 615 si
601 582 708 614 forsan
738 581 863 623 aliquos
889 580 928 613 de
953 579 1085 612 ordina-

349 636 437 668 tione
463 635 568 679 aliqua
596 636 645 668 vel
666 640 736 667 actu
763 635 907 668 turbatos
933 632 1084 671 iuveniat,

349 699 384 721 se
410 688 453 720 ita
479 688 511 720 in
536 688 600 721 illis
618 692 749 720 excuset
766 686 906 729 (etiamsi
931 695 996 718 non
1014 695 1086 718 eon-

350 741 522 783 senserit),
547 746 582 773 ut
612 740 718 773 socios
749 750 823 772 suos
848 738 1085 778 calumnietur,

352 800 406 827 aut
429 795 565 837 prodat,
592 799 804 836 auctoresque
832 793 927 825 fuisse
953 791 1087 825 manife-

352 852 415 880 stet
439 857 551 880 eorum
577 846 615 879 de
649 846 767 889 quibus
802 845 943 877 turbatio
974 843 1085 887 queri-

352 900 526 943 moniaque
551 899 757 942 processerit.
791 898 880 932 Unde
906 907 1002 940 super
1027 897 1089 929 hoc

353 953 527 997 praedietis
567 952 793 985 definitoribus
811 979 818 992 ,
855 956 890 983 ut
929 949 1089 983 universis

353 1006 424 1039 aliis
441 1005 639 1049 praedictum
657 1004 874 1038 delinitoriuni
891 1002 1090 1047 provinciale

355 1059 633 1099 constituentibus,
648 1059 680 1090 in
698 1055 965 1100 vi1·tute‘⁷Spiritus
982 1055 1090 1089 Sancti

356 1118 387 1145 et
398 1112 456 1144 sul]
469 1111 812 1144 excommunicationis
827 1110 987 1143 sententia
1002 1119 1091 1152 prae·

357 1165 506 1208 cipimus,
532 1170 567 1196 ut
591 1165 700 1197 nullus
727 1176 786 1203 ea,
812 1174 895 1207 quae
920 1164 951 1196 in
978 1162 1092 1196 delini-

356 1219 439 1252 torio
464 1223 642 1255 versantur,
659 1217 754 1250 alicui
781 1218 919 1259 detegat,
938 1221 990 1248 aut
1008 1216 1091 1249 foras

359 1271 606 1314 quomodolibet
631 1269 785 1310 effundat,
812 1280 852 1302 ne
877 1270 1010 1312 insuper
1038 1267 1091 1301 alii

359 1324 473 1356 fratres
500 1323 574 1365 (suh
600 1322 721 1355 eisdem
745 1323 882 1354 censura
907 1326 939 1353 et
962 1331 1093 1363 praece-

358 1376 428 1418 pto)
449 1385 495 1414 ea,
514 1385 594 1418 quae
620 1375 652 1407 in
669 1374 811 1417 capitulo
837 1379 1006 1417 geruntur,
1026 1383 1094 1406 sae-

359 1428 518 1461 cularibus
539 1428 697 1471 aperiant.

181 1491 336 1522 emrxviii.
404 1491 426 1514 1.
457 1480 638 1524 Capitulum
674 1480 872 1523 provinciale
902 1479 1094 1523 quamcitius

167 1518 579 1570 „32¹1.¹.¹='÷''.¹‚¹ss²3v“}lf-desiderantes
604 1533 700 1573 finiri,
726 1533 806 1566 illud
831 1533 863 1566 in
891 1533 1001 1566 feriam
1034 1538 1095 1566 ter-

167 1572 349 1597 -·=‹·t·s,snr=n.²ique
376 1587 381 1592 .

167 1597 349 1627 :attatuuomsm
361 1592 436 1619 tiam
469 1587 518 1619 vel
550 1591 695 1629 quartam
728 1591 802 1628 post
832 1586 1000 1618 sabbatum
1030 1587 1095 1619 ele-

168 1625 330 1645 ''¹''⁵⁶‘v⁴¹“¹³'
359 1640 475 1673 ctionis
497 1639 586 1671 iuxta
615 1638 855 1682 provinciarum
888 1639 1095 1672 consuetudi-

360 1705 432 1727 nem
449 1692 670 1725 tantummodo
684 1691 854 1735 prorogari
868 1692 1093 1735 permittirmis,

360 1757 400 1779 ne
426 1745 592 1790 provincia
617 1750 766 1787 gravetur
790 1745 990 1788 sumptibus;
1018 1746 1092 1789 qui-

360 1801 421 1832 bus
458 1799 571 1832 diebus
608 1808 644 1831 ea
676 1798 805 1839 omnia,
836 1809 919 1841 quae
954 1799 1095 1842 capitulo

360 1851 572 1896 praecedenti
591 1851 774 1884 delinitorio
793 1852 916 1893 agenda
940 1853 1097 1895 praescri-

361 1958 449 2002 poris
475 1957 717 2000 opportunitate
743 1957 877 1999 digerat,
899 1962 933 1989 ut
950 1958 1031 1991 nilul
1050 1958 1097 1990 in-

362 2016 482 2044 tactum
507 2010 721 2053 relinquatur.
745 2009 916 2043 Postremo
941 2021 1017 2043 vero
1043 2011 1094 2043 die
1116 2007 1118 2034 ἶ
1139 2009 1253 2055 raliuin
1278 2009 1387 2051 cupidi
1412 2015 1444 2042 et
1468 2015 1640 2051 amatoreS,
1668 2012 1707 2044 ad
1735 2013 1783 2045 sui
1808 2014 1872 2046 voti

361 2074 512 2107 praeses,
545 2067 742 2104 congregato
774 2063 916 2106 capitulo
934 2090 941 2103 ‚
968 2063 1095 2097 brevem

361 2117 562 2160 spiritualem
588 2117 801 2159 devotamque
827 2116 947 2148 babeat
971 2117 1093 2150 oratio-

362 2181 459 2210 nem,
487 2180 548 2212 qua
581 2169 745 2212 praelatos
779 2170 902 2202 eleetos
932 2170 972 2202 ad
1004 2181 1096 2203 suum

362 2233 477 2256 munus
514 2227 600 2255 recte
636 2228 668 2255 et
703 2222 843 2255 fideliter
874 2224 1097 2266 exequendum

363 2276 504 2320 graviter
538 2275 686 2307 instruat.
714 2275 835 2308 Deinde
871 2287 887 2308 a
923 2277 1097 2310 secretario

363 2329 497 2372 capituli
524 2329 672 2370 legantur
690 2339 795 2361 eoram
813 2329 962 2362 omnibus
983 2335 1099 2362 cuncta

364 2387 434 2414 acta
458 2381 571 2425 ipsius,
589 2392 659 2413 cum
679 2381 815 2414 decretis
834 2387 864 2414 et
887 2383 1012 2415 statutis
1040 2393 1098 2425 pro

365 2435 481 2467 maiori
505 2435 735 2467 reformatione
765 2435 951 2477 provinciae
982 2446 999 2468 a
1023 2435 1100 2468 deti-

915 266 1125 291 INNOCENTIUS
1150 266 1193 289 ΧΠ
1218 266 1265 289 I'P.

1756 255 1819 289 5³50

1122 314 1256 347 cedatur
1273 313 1375 346 forma
1396 312 1555 356 sequenti.
1575 311 1706 346 Praeses
1726 313 1856 356 capituli

1123 367 1360 400 confessionem
1385 366 1447 399 dici
1472 366 1598 406 iubeat,
1622 376 1720 409 quam
1744 366 1857 399 fratres

1123 420 1213 452 flexis
1239 419 1378 463 genibus
1403 423 1435 452 et
1469 419 1501 451 in
1532 419 1647 452 faciem
1672 429 1785 462 parum
1809 419 1858 452 in-

1124 473 1234 506 clinati
1253 473 1402 514 recitent,
1422 483 1523 516 eaque
1541 472 1640 513 finita,
1658 473 1741 506 dicat
1765 483 1843 516 prae

1125 536 1174 559 ses
1191 527 1383 559 misereatur
1400 527 1507 565 vestri,
1527 529 1596 566 ecc„
1614 531 1646 559 et
1666 526 1772 559 statim
1786 526 1860 559 sub-

1126 581 1257 623 iungat:
1290 593 1302 611 α
1320 581 1394 623 Ego,
1416 580 1609 614 auctoritate
1634 580 1688 613 Dei
1714 581 1860 624 omnipo-

1127 634 1234 673 tentis,
1256 633 1368 672 Patris,
1388 638 1419 666 et
1436 633 1517 673 Filii,
1537 639 1568 666 et
1586 633 1722 676 Spiritus
1742 633 1860 675 Sancti,

1127 692 1160 719 et
1183 686 1376 719 auctoritate
1402 686 1482 719 mihi
1514 686 1700 727 commissa,
1729 687 1861 721 absolvo

1127 750 1182 772 vos
1216 744 1248 772 et
1280 749 1393 772 omues
1426 740 1540 772 fratres
1569 745 1681 773 nostro
1714 740 1862 781 regimini

1129 792 1317 825 commissos
1342 791 1381 824 ab
1406 791 1493 825 omni
1519 792 1648 826 vinculo
1681 802 1863 826 excommu-

1128 845 1301 878 nicationis
1335 850 1367 878 et
1401 845 1647 888 suspensionis,
1674 851 1706 878 et
1740 846 1864 890 pariter

1130 898 1406 941 dispensationem
1425 898 1580 941 indulgeo
1597 909 1695 942 super
1712 909 1848 942 quacum

1130 961 1193 993 que
1218 950 1458 993 irregularitate
1485 950 1526 993 <si
1552 952 1661 985 forsan
1686 952 1758 994 quis
1782 952 1866 985 indi-

1131 1004 1228 1047 geat)
1259 1007 1354 1047 atque
1387 1004 1482 1037 etiam
1514 1004 1739 1038 remissionem
1764 1006 1804 1038 ab
1830 1016 1864 1039 o-

1131 1056 1260 1089 mnibus
1275 1057 1593 1100 transgressionibus,
1609 1058 1795 1091 excessibus
1809 1069 1864 1091 seu

1131 1109 1361 1144 omissionibus
1379 1111 1509 1152 regulae
1527 1115 1558 1143 et
1582 1116 1768 1144 nostrarum
1794 1122 1868 1144 con-

1132 1163 1334 1195 stitutionum
1350 1189 1357 1203 ‚
1382 1169 1538 1206 quantum
1563 1174 1622 1206 ego
1655 1175 1806 1208 possum;
1832 1170 1866 1198 et

1133 1217 1219 1259 quod
1245 1226 1310 1249 non
1335 1226 1475 1259 possum,
1497 1219 1647 1260 suppleat
1667 1224 1698 1251 et
1721 1218 1867 1261 perficiat

1133 1279 1275 1301 summus
1300 1275 1333 1302 et
1356 1269 1560 1312 omnipotens
1577 1272 1726 1304 sacerdos
1744 1277 1774 1305 et
1792 1272 1866 1305 Pon·

1135 1323 1207 1354 tifex
1235 1322 1384 1355 dominus
1411 1328 1522 1356 noster
1542 1323 1631 1356 Iesus
1649 1324 1811 1358 Christus:
1837 1330 1869 1358 et

1134 1374 1267 1416 iniungo
1286 1374 1378 1406 vobis
1396 1374 1427 1406 in
1453 1375 1686 1417 poenitentiam
1704 1382 1735 1408 et
1756 1377 1870 1410 reinis-

1134 1427 1258 1459 sionem
1295 1427 1440 1459 omnium
1470 1434 1677 1470 peccatorum
1713 1430 1869 1473 quidquid

1135 1479 1212 1512 boni
1239 1479 1393 1519 feceritis,
1411 1485 1440 1512 et
1460 1480 1647 1522 specialiter
1672 1481 1782 1524 iugum
1798 1483 1872 1515 obe-

1137 1532 1279 1565 dientiae
1299 1538 1329 1564 et
1354 1533 1512 1574 regularis
1530 1534 1753 1568 observantiae
1780 1536 1871 1568 dist-i-

1137 1585 1275 1628 plinam.
1315 1584 1425 1628 Neque
1464 1586 1662 1620 intendimus
1701 1589 1870 1622 absolvere

1137 1638 1330 1681 perditionis
1356 1644 1385 1671 et
1408 1638 1588 1682 iniquitatis
1615 1640 1722 1681 filios,
1749 1642 1871 1674 scilieet

1137 1691 1369 1734 proprietarios
1401 1697 1433 1725 et
1459 1698 1642 1734 apostataS,
1667 1695 1721 1727 sed
1748 1706 1806 1737 per
1830 1695 1873 1727 vi-

1137 1754 1227 1776 scera
1240 1745 1486 1778 misericordiae
1498 1746 1553 1778 Dei
1572 1747 1672 1779 nostri
1687 1758 1742 1780 eos
1757 1748 1871 1791 primo,

1137 1797 1280 1829 seeundo
1308 1802 1339 1829 et
1365 1797 1459 1830 tertio
1484 1808 1666 1839 monemus,
1687 1806 1721 1832 ut
1745 1802 1870 1843 profugi

1116 1856 1169 1884 iet
1193 1855 1359 1892 apostatae
1387 1850 1499 1883 liumili
1536 1853 1633 1885 corde
1665 1859 1872 1886 revertantur

361 1906 496 1948 psimus,
522 1904 567 1936 ita
592 1914 722 1947 praeses
748 1915 806 1946 pro
832 1914 941 1937 reruni
965 1911 996 1937 et
1022 1911 1118 1938 tem-v

1138 1903 1177 1936 ad
1202 1903 1308 1935 sinum
1335 1914 1411 1935 suae
1436 1904 1648 1946 professionis
1672 1910 1704 1938 et
1721 1906 1870 1948 Ordinis,

1139 1956 1347 1999 proprietarii
1371 1966 1466 1997 vero,
1494 1963 1526 1989 et
1554 1958 1714 1991 bonorum
1742 1965 1868 2003 tempo-

1139 2067 1170 2094 et
1194 2072 1303 2094 verani
1326 2062 1541 2105 professionis
1560 2063 1702 2106 inopiam
1728 2067 1873 2105 redeant,

1139 2120 1169 2147 et
1192 2114 1400 2158 resipiscant,
1427 2115 1571 2159 alioquin
1596 2127 1651 2150 eos
1677 2129 1712 2151 ex
1738 2121 1873 2153 nuncin

1139 2167 1268 2210 scriptis
1301 2168 1408 2200 denuo
1438 2170 1778 2205 excommunicationis
1804 2183 1872 2205 sen-

1141 2221 1239 2254 tentia
1264 2220 1467 2260 innodamus,
1489 2222 1587 2265 idque
1605 2224 1817 2259 declaramus.
1837 2227 1870 2259 Et

1141 2274 1215 2317 quia
1240 2273 1295 2317 qui
1320 2276 1705 2320 perserveraveritusque
1723 2278 1754 2311 in
1775 2279 1873 2312 linem

1143 2327 1194 2360 liic
1218 2328 1323 2360 salvus
1349 2328 1419 2367 erit,
1438 2329 1625 2363 auctoritate
1650 2331 1705 2363 Dei
1731 2333 1874 2376 omnipo-

1142 2379 1246 2419 tentis,
1266 2380 1378 2420 Patris,
1398 2386 1430 2413 et
1446 2381 1527 2422 Filii,
1546 2387 1578 2415 et
1600 2383 1740 2426 Spiritus
1757 2386 1873 2425 Sancti,

1141 2433 1364 2466 benedicimus
1390 2433 1422 2466 in
1447 2433 1574 2468 Christo
1604 2436 1790 2471 carissimos
1817 2440 1872 2472 fra-

366 2487 486 2520 nitorio
512 2487 618 2520 editis.
642 2487 780 2520 Ulterius
798 2487 894 2519 etiam
920 2488 1101 2530 publicetur
1144 2492 1228 2526 tres,
1256 2492 1317 2519 tam
1351 2486 1499 2520 absentes
1537 2499 1633 2531 quam
1668 2496 1873 2533 praesentes,

368 2541 509 2573 edietum
528 2546 655 2573 sanctae
674 2540 996 2584 Inquisitionisiuxta
1014 2552 1102 2584 prae-
1144 2546 1299 2583 quantum
1324 2551 1513 2583 possumus3
1541 2547 1571 2574 et
1602 2544 1688 2585 quod
1720 2544 1873 2586 fragilitas

367 2599 495 2636 ceptum
521 2594 677 2626 eiusdem.

1145 2600 1254 2627 nostra
1273 2606 1337 2627 non
1355 2596 1489 2634 obtinet,
1508 2597 1658 2639 suppleat
1674 2603 1706 2629 et
1729 2598 1871 2640 perficiat

412 2655 447 2681 11.
474 2645 514 2678 Iis
537 2646 690 2689 peractis,
709 2646 746 2680 as)
769 2647 1007 2680 absolutionem
1026 2658 1101 2692 pro-
1145 2648 1293 2681 douiinus
1310 2653 1421 2681 noster
1438 2648 1525 2681 lesus
1551 2649 1696 2683 Christus
1716 2653 1771 2682 sua
1788 2651 1872 2693 larga

1865 264 1913 291 Aa.
1931 264 1959 292 C.
1986 264 2046 292 ¹th
