2254 3225
433 272 497 308 950
983 281 1160 307 Bt'LLARIUM
1185 281 1338 307 nomnen

389 337 485 370 Arma
508 340 664 379 gestantes
687 335 841 370 brevioris
866 345 1032 369 mensurae
1056 334 1190 369 duorum
1216 336 1262 368 vel
1288 334 1381 368 trium
1414 333 1610 377 palmorum,
1637 331 1677 365 72
1705 332 1737 371 b;
1772 331 1922 365 adversus

477 389 547 423 illos
572 389 826 423 constitutionem
854 389 896 422 Pii
914 390 956 430 V,
973 400 1034 432 qua
1051 394 1176 422 extensa
1201 389 1301 421 suerat
1325 387 1384 420 alia
1401 387 1446 420 Pii
1463 387 1500 419 IV
1517 386 1625 419 eadem
1650 386 1689 419 de
1713 396 1747 418 re
1771 384 1924 419 constitu·

479 443 538 484 tio,
564 443 747 483 confirmat,
773 443 911 482 innovat,
936 442 1073 475 declarat
1097 447 1126 474 et
1150 442 1278 485 ampliat
1301 440 1475 474 Alexander
1499 440 1580 480 VIII,
1605 439 1684 473 ibid.
1710 444 1740 472 et
1764 449 1844 483 seq.;
1874 449 1925 471 ar-

478 507 602 529 morum
629 496 862 539 praedictorum
888 495 1076 527 delationem
1101 498 1131 527 et
1155 495 1362 526 retentionem
1388 493 1552 532 omnibus,
1577 496 1606 525 et
1630 491 1662 524 in
1679 497 1743 525 toto
1761 492 1848 525 Statu
1870 491 1925 524 Ec-

477 549 670 589 clesiastico,
694 548 751 581 sub
777 547 886 591 poenis
909 548 1011 579 laesae
1033 546 1204 578 maiestatis
1239 549 1269 579 et
1297 546 1479 579 rebellionis
1515 545 1694 585 interdicit,
1727 544 1770 577 74
1793 545 1823 585 b;
1850 545 1924 578 item

479 601 697 635 ecclesiasticis
721 601 778 633 sub
803 600 939 633 maxima
965 601 1077 642 poena,
1102 598 1143 632 75
1168 610 1197 631 α.

391 655 607 689 Aromatariae
631 654 786 698 publicae,
812 664 867 686 scu
893 652 1196 686 medicamentorum
1221 651 1364 685 officinae
1392 662 1451 695 pro
1478 651 1682 696 pauperibus,
1708 651 1859 685 nonnulla
1889 661 1926 684 ex

480 707 701 742 emolumentis
718 707 906 750 quibusdam
931 717 950 739 a
965 706 1192 740 camerariatus
1209 705 1313 739 officio
1331 705 1565 739 dismembratis
1582 715 1641 749 pro
1663 704 1735 738 dote
1759 703 1928 748 assignavit

479 760 680 794 Innocentius
704 760 772 800 Xll,
797 759 860 794 837
885 771 905 793 a
930 765 959 792 et
984 759 1010 792 b.

392 813 664 847 Aromatariorum
690 813 880 856 collegium,
905 811 969 845 946
989 822 1028 851 a;
1060 812 1222 845 decretum
1248 811 1279 844 in
1309 811 1391 844 illius
1423 812 1561 845 favorem
1586 811 1794 845 confirmatur
1819 814 1929 844 contra

481 867 644 911 regulares
668 866 891 900 aromatariam
917 871 1113 905 exercentes,
1139 864 1202 899 946
1228 865 1257 898 b.

393 921 662 964 Augustinienses,
685 920 756 954 vide
782 919 937 954 Eremitae
962 919 990 952 S.
1016 918 1183 962 Augustini
1208 923 1236 952 et
1261 918 1409 952 Canonici
1434 917 1606 961 regulares.

1107 1078 1130 1111 B

394 1184 598 1227 Benedictini‚
621 1185 693 1220 vide
716 1184 859 1220 Monachi
884 1183 1009 1218 Ordinis
1033 1184 1062 1218 S.
1088 1183 1257 1219 Benedicti.

394 1240 581 1274 Benedictus
601 1240 685 1274 card.
712 1238 917 1284 Pamphilius,
942 1239 1015 1272 vide
1040 1238 1246 1283 Pamphilius.

394 1293 589 1328 Beneficiatis
626 1293 717 1328 Urbis
741 1293 860 1326 indulta
895 1293 971 1326 olim
995 1302 1144 1327 concessa
1168 1290 1352 1325 reformavit
1380 1289 1585 1333 congregatio
1616 1289 1815 1334 particularis
1839 1289 1879 1323 ad
1903 1288 1935 1322 id
1965 1312 1971 1317 -

482 1347 629 1392 deputata
653 1357 712 1392 per
735 1346 896 1381 decretum
921 1346 1143 1380 confirmatum
1167 1345 1206 1379 ab
1230 1343 1412 1378 Innocentio
1438 1343 1503 1385 XII,
1527 1343 1591 1376 517
1616 1343 1642 1376 b.

396 1401 552 1435 Blesensis
576 1401 708 1435 ecclesia
732 1400 920 1445 episcopalis
945 1400 1089 1444 erigitur,
1114 1398 1173 1432 791
1202 1398 1220 1431 b
1244 1403 1275 1431 et
1298 1408 1359 1442 seq.

396 1455 591 1488 Breviarium
614 1454 822 1498 Seraphicum
846 1464 885 1487 ne
908 1454 979 1498 quis
1003 1453 1167 1497 imprimat
1191 1451 1239 1485 vel
1265 1451 1378 1484 vendat
1409 1450 1476 1484 sine
1500 1449 1647 1484 facultate
1678 1449 1813 1483 ministri
1843 1459 1937 1494 gene·

483 1508 559 1541 ralis
582 1508 737 1541 Minoi-um
762 1507 800 1540 de
825 1506 1029 1541 Observantia
1059 1505 1222 1550 prohibuit
1252 1504 1451 1538 Innocentius
1476 1503 1553 1544 XII,
1578 1503 1637 1536 771
1666 1503 1683 1536 b
1707 1509 1738 1537 et
1761 1514 1824 1547 seq.

397 1561 484 1595 Bulla
507 1561 669 1596 Cruciatae
693 1561 823 1595 facultas
847 1560 983 1603 eligendi
1008 1559 1234 1593 confessarium
1255 1558 1294 1590 ab
1311 1557 1479 1591 Ordinario
1504 1556 1714 1600 approbatum
1740 1556 1934 1597 conceditur,

483 1625 577 1659 quam
602 1620 707 1647 tamen
732 1614 910 1647 facultatem
935 1608 973 1646 d’e
997 1612 1188 1646 confessario
1213 1611 1251 1643 ab
1276 1610 1443 1643 Ordinario
1467 1609 1527 1643 loci
1551 1609 1742 1653 approbato,
1772 1619 1834 1643 non
1859 1619 1935 1642 vero

484 1669 522 1702 de
539 1668 715 1712 approbato
733 1678 750 1700 a
766 1678 968 1712 quocumque
984 1666 1161 1706 Ordinario,
1177 1665 1347 1698 declaravit
1370 1664 1571 1698 Innocentius
1596 1664 1662 1705 XII,
1686 1663 1750 1697 9028
1776 1664 1793 1695 b
1818 1669 1849 1696 et
1871 1673 1936 1707 seq.

398 1722 569 1756 Bullionius
599 1721 683 1754 card.
714 1721 898 1754 Emmanuel
934 1720 1130 1753 Theodosius
1163 1719 1329 1762 episcopus
1363 1718 1566 1758 Affianensis,
1592 1717 1774 1750 monasterii
1810 1716 1935 1750 Clunia-

485 1774 587 1807 censis
618 1780 789 1818 perpetuus
826 1773 1134 1814 commemlatarius,
1170 1772 1263 1805 totius
1298 1771 1423 1804 Ordinis
1458 1771 1716 1805 reformationem
1748 1774 1936 1814 promovet,

487 1827 551 1860 683
575 1828 592 1859 b
617 1831 646 1861 et
670 1838 729 1872 seq.

1158 1986 1182 2020 G

399 2095 645 2129 Caelestinorum
669 2092 895 2137 Congregatio,
918 2093 988 2127 vide
1016 2092 1159 2127 Monachi
1184 2091 1310 2126 Ordinis
1335 2092 1367 2125 S.
1394 2090 1555 2125 Benedicti
1581 2089 1841 2134 Congregationis
1865 2089 1936 2124 Cae-

491 2149 691 2183 lestinorum.

400 2203 535 2237 Caietani
560 2203 606 2246 (S)
630 2201 777 2236 Thienaei
801 2200 995 2235 Clericorum
1020 2200 1224 2244 Regularium
1251 2198 1438 2232 institutoris
1463 2197 1732 2231 canonizationem
1762 2196 1939 2230 celebrasse

489 2257 679 2290 Clementem
703 2256 727 2289 X
751 2255 843 2288 docet
866 2255 1066 2288 Innocentius
1087 2254 1152 2295 xli,
1178 2254 1242 2288 175
1260 2253 1294 2293 b;
1319 2253 1412 2285 vitam
1437 2261 1598 2295 nunquam
1622 2255 1713 2283 antea
1736 2249 1940 2293 descriptam,

489 2308 663 2353 apostolico
687 2308 869 2341 roboratam
894 2308 1095 2349 testimonio,
1122 2313 1250 2347 narrat,
1286 2305 1350 2338 176
1374 2316 1395 2338 α
1418 2309 1449 2339 et
1479 2315 1560 2349 seq.;
1588 2303 1740 2348 praedicti
1764 2302 1938 2342 miracula,

490 2362 605 2407 quibus
629 2361 825 2402 examinatis,
842 2361 881 2394 ab
904 2361 1031 2394 Urbano
1048 2361 1113 2393 VIII
1137 2360 1314 2393 declaratus
1340 2359 1398 2392 suit
1422 2358 1544 2399 Beatus,
1565 2358 1671 2399 refert,
1692 2356 1756 2390 180
1776 2367 1797 2390 α
1813 2361 1844 2389 et
1866 2366 1939 2400 seq.;

491 2415 632 2449 eiusdem
656 2414 927 2449 cononizationem
951 2425 969 2447 a
992 2414 1151 2447 Clemente
1176 2413 1203 2446 X
1218 2440 1226 2454 ,
1249 2418 1285 2446 ut
1309 2412 1488 2453 innuimus,
1520 2411 1710 2445 celebratam
1734 2409 1940 2454 promulgat,

491 2468 558 2501 ¹184
582 2479 602 2502 a
627 2473 657 2500 et
680 2478 752 2511 seq.;
778 2467 809 2500 in
833 2466 973 2499 eiusdem
993 2466 1071 2500 festo
1092 2466 1321 2509 indulgentiam
1340 2470 1460 2509 septem
1477 2474 1633 2499 annorum
1658 2469 1688 2497 et
1711 2462 1844 2497 totidem
1859 2472 1939 2506 qua-

492 2522 716 2566 dragenarum,
741 2531 759 2554 a
787 2520 945 2554 Clemente
969 2519 996 2553 X
1022 2530 1217 2560 concessam,
1242 2519 1410 2563 approbat,
1434 2517 1500 2551 ‘185
1524 2530 1554 2552 α.

404 2576 537 2610 Camera
563 2575 748 2620 apostolica,
771 2574 842 2609 vide
866 2574 1098 2608 Camerariatus
1122 2579 1150 2607 et
1174 2573 1360 2607 Officiorum
1386 2570 1586 2605 vacabilium.

405 2629 636 2664 Camerariatus
670 2629 700 2663 S.
738 2629 772 2662 R.
808 2628 841 2661 E.
878 2628 973 2662 officii
998 2628 1197 2661 venalitatem
1222 2631 1311 2660 motu
1334 2624 1468 2669 proprio
1492 2621 1627 2657 abolevit
1650 2621 1850 2656 Innocentius
1875 2621 1941 2663 XII,

493 2682 557 2717 830
577 2682 611 2723 b;
635 2693 673 2717 ex
696 2682 839 2717 eiusdem
862 2681 967 2717 officio
991 2681 1204 2716 emolumenta
1227 2680 1344 2722 omnia,
1364 2678 1531 2713 reservatis
1555 2676 1726 2721 nonnullis,
1742 2676 1782 2712 ad
1799 2685 1940 2712 camera-
