2227 3225
104 236 152 264 An.
169 234 198 262 C.
221 234 288 262 ¹696

130 454 250 477 clausulae.

117 2309 230 2333 Der-acatio
240 2315 278 2330 con

105 2340 225 2357 trariurunn

882 227 1090 253 INNOOENTIUS
1113 228 1158 253 ΧΠ
1182 228 1230 253 ΡΡ,

298 282 454 316 dictarum
476 278 649 314 Alexandri
667 276 928 322 praedecessoris
949 277 1033 309 litte-

297 346 404 368 rarum
430 334 532 366 forma
550 337 581 365 et
599 331 825 375 dispositione,
841 329 1033 372 congregari

299 389 449 422 debeant.

340 443 355 485 ἓ
385 441 416 475 3.
443 441 670 479 Decernentes‚
693 439 821 472 easdem
845 442 1035 481 praesentes

297 495 422 528 litteras
447 503 576 537 semper
601 492 718 533 sirmas,
752 491 874 525 validas
907 496 940 524 et
971 490 1036 523 essi-

298 558 389 581 caces
409 547 548 580 existere
567 551 598 579 et
617 546 692 585 sore,
714 555 853 588 suosque
870 543 1036 588 plenarios

298 606 328 634 et
353 600 499 643 integros
526 599 658 632 effectus
683 598 791 632 sortiri
820 603 851 632 et
874 597 1036 637 obtinere,

297 665 333 688 ae
359 654 397 687 ab
422 654 496 694 illis,
515 653 552 686 ad
572 663 654 697 quos
673 657 798 696 spectat
822 656 854 684 et
878 661 937 694 pro
956 656 1036 683 tem-

297 718 377 751 pore
404 707 678 751 quandocumque
703 704 873 748 spectabit,
901 703 1037 736 inviola-

296 761 407 794 biliter
442 759 607 793 observari
633 763 666 792 et
689 757 878 801 adimpleri,
904 767 965 790 nec
997 757 1035 789 de

297 813 519 857 subreptionis
543 813 594 845 vel
621 810 823 854 obreptionis
854 815 908 842 aut
939 809 1037 842 nulli-

299 867 370 900 tatis
394 866 482 907 vitio,
508 876 565 899 seu
590 864 784 898 intentionis
816 868 958 903 nostrae,
982 868 1036 896 aut

296 920 458 954 interesse
483 918 673 952 habentium
710 918 908 958 consensus,
930 916 1034 950 aliove

298 974 445 1018 quolibet
469 973 673 1017 quantumvis
698 972 825 1006 formali
855 977 887 1005 et
916 972 1034 1005 indivi-

298 1028 394 1061 duam
426 1027 665 1070 expressionem
690 1026 881 1070 requirente
908 1026 1033 1059 defectu

297 1080 412 1120 notari,
439 1080 635 1124 impugnari,
656 1080 799 1122 infringi,
818 1079 981 1122 redargui,
1002 1079 1033 1112 in

298 1134 551 1168 controversiam
575 1133 694 1173 vocari,
720 1143 776 1166 seu
809 1133 848 1166 ad
880 1133 1034 1166 terminos

298 1187 376 1220 iuris
402 1187 523 1227 reduci,
549 1192 604 1220 aut
627 1187 783 1220 adversus
809 1187 880 1220 illas
906 1187 1036 1219 restitu-

299 1240 395 1274 tionis
434 1240 465 1272 in
505 1239 683 1283 integrum,
726 1240 919 1283 aperitionis
959 1240 1035 1280 oris,

299 1293 426 1326 aliudve
453 1294 680 1337 quodcumque
706 1293 795 1333 iuris,
815 1293 886 1326 sacti
903 1293 951 1325 vel
971 1303 1035 1336 gra-

301 1348 364 1380 tiae
393 1347 575 1380 remedium
601 1347 767 1390 impetrari
798 1348 847 1380 vel
873 1347 1034 1387 intentari,

299 1410 357 1432 seu
382 1399 566 1442 impetrato,
591 1405 645 1431 aut
665 1400 763 1432 etiam
783 1404 881 1440 motu,
899 1399 1036 1432 scientia

301 1459 331 1485 et
355 1452 526 1496 potestatis
551 1452 754 1495 plenitudine
779 1452 937 1486 similibus
961 1463 1036 1485 con-

298 1516 388 1539 cesso
407 1507 456 1538 vel
474 1511 634 1545 emanato,
659 1505 843 1549 quempiam
864 1505 896 1538 in
915 1505 1034 1538 iudicio

296 1560 347 1592 vel
385 1564 475 1592 extra
510 1559 589 1592 illud
613 1558 659 1591 uti
695 1569 753 1591 sen
779 1570 811 1591 se
838 1558 944 1591 iuvare
970 1560 1036 1592 ullo

297 1613 392 1646 modo
429 1623 573 1656 unquam
611 1623 727 1655 posse,
765 1612 876 1656 sicque
908 1618 939 1645 et
970 1623 1035 1645 non

299 1667 395 1700 aliter
430 1666 462 1698 in
498 1666 689 1709 praemissis
722 1676 784 1709 pet·
815 1676 1035 1710 quoscumque

298 1719 421 1752 indices
449 1718 631 1752 ordinarios
670 1723 701 1751 et
734 1719 912 1761 delegatos,
940 1719 1035 1751 etiam

299 1781 468 1804 causarum
486 1771 597 1814 palatii
617 1771 785 1814 apostolici
808 1771 982 1811 auditores,
1002 1783 1037 1804 ac

299 1825 479 1857 cardinales
501 1829 533 1856 et
553 1826 687 1867 legatos,
705 1834 834 1857 necnon
858 1825 989 1857 nuntios
1007 1830 1038 1858 et

300 1879 380 1911 alios
405 1878 632 1921 praescriptos,
653 1888 739 1910 nune
764 1883 795 1911 et
811 1889 871 1921 pro
891 1884 1036 1922 tempore

301 1931 489 1971 existentes,
511 1931 636 1963 sublata
659 1931 782 1973 pariter
807 1931 851 1963 eis
870 1937 901 1963 et
925 1942 1036 1965 corum

301 1984 435 2017 cuilibet
459 1984 569 2027 quavis
594 1984 689 2016 aliter
706 1984 870 2017 iudicandi
889 1990 919 2017 et
939 1985 1038 2017 inter-

300 2037 449 2081 pretandi
468 2037 620 2070 facultate
640 2042 671 2069 et
686 2037 887 2077 auctoritate,
902 2037 1035 2071 iudicari

300 2096 332 2123 et
357 2089 485 2123 definiri
512 2090 631 2123 debere
648 2117 655 2130 ‚
683 2100 718 2123 ac
737 2090 864 2123 irritum
883 2096 914 2123 et
930 2091 1038 2133 inane,

300 2143 327 2176 si
360 2153 454 2175 secus
480 2153 578 2186 super
603 2142 654 2175 liis
688 2153 704 2175 a
730 2153 903 2186 quoquam,
930 2145 1038 2187 quavis

301 2196 502 2236 auctoritate,
522 2196 664 2228 scienter
681 2197 729 2229 vel
748 2196 948 2239 ignoranter,
966 2209 1038 2231 con-

302 2249 411 2292 tigerit
435 2248 599 2281 attentari.

343 2302 358 2344 g
382 2301 414 2334 4.
441 2301 510 2334 'Non
536 2301 738 2334 obstantibus
762 2302 965 2345 praemissis,
992 2313 1037 2343 av,

301 2358 460 2397 quatenus
477 2364 561 2397 opus
580 2354 630 2394 sit,
645 2357 756 2387 nostra
774 2360 804 2388 et
818 2355 1036 2389 Cancellariae

300 2406 508 2449 Apostolicae
533 2408 644 2450 regula
663 2408 701 2440 de
720 2408 788 2441 inre
808 2409 953 2451 quaesito
973 2419 1035 2442 uon

300 2460 466 2500 tollendo,
505 2460 641 2504 aliisque
682 2462 967 2495 constitutionibus
1008 2469 1039 2495 et

300 2512 562 2546 ordinationibus
580 2514 781 2556 apostolicis,
796 2525 923 2548 necnon
942 2517 1039 2548 omni-

299 2566 359 2599 bus
388 2570 419 2598 et
443 2565 579 2608 singulis
604 2567 680 2606 illis,
702 2577 784 2610 quae
803 2568 835 2600 in
853 2568 1038 2610 praeinser-

301 2619 341 2652 tis
357 2618 532 2651 Alexandri
549 2619 811 2662 paaedecessoris
830 2621 945 2654 litteris
963 2632 1038 2655 con-

1076 286 1165 309 cessa
1188 281 1262 309 sunt
1283 286 1348 309 non
1367 276 1507 317 obstare,
1526 278 1707 322 ceterisque
1732 290 1809 313 con-

1078 329 1183 362 trariis
1208 329 1474 373 quibuscumque.

1120 382 1232 415 Datum
1252 382 1381 423 Romae,
1408 384 1491 426 apud
1518 384 1549 417 S.
1568 384 1697 417 Mariam
1715 385 1811 418 Maio-

1077 445 1154 476 rem,
1174 436 1232 469 sub
1250 437 1370 470 annulo
1390 437 1573 477 piscatoris,
1600 438 1651 470 die
1670 448 1712 470 vu
1732 438 1809 470 iunii

1078 498 1225 530 MDCXCVI,
1251 489 1459 534 pontificatus
1483 490 1586 523 nostri
1613 501 1698 523 anno
1723 500 1753 524 v.

1113 551 1174 579 Dat.
1194 551 1237 580 die
1257 553 1272 579 7
1293 551 1360 579 iunii
1378 552 1461 587 1096,
1482 552 1579 587 pontii.
1595 560 1665 580 anno
1687 560 1713 579 v.

1380 695 1512 729 cxxxi.

1082 775 1326 817 Confirmanlur
1362 776 1426 808 tria
1461 775 1585 808 decreta
1624 775 1817 808 clericorum

1127 829 1360 861 Theotimo-um
1383 839 1441 872 pro
1466 829 1617 862 electione
1655 829 1816 862 vocalium

1122 882 1165 915 ad
1189 882 1374 926 capitulum
1398 882 1547 926 qenerale
1566 882 1587 916 ².

1253 963 1447 991 Innocentius
1469 963 1546 997 Papa
1565 963 1630 996 xn,

1197 1009 1232 1035 ad
1253 1011 1431 1042 perpetuam
1450 1008 1495 1035 rei
1514 1008 1696 1036 memoriam.

1122 1078 1327 1112 Inserutabili
1354 1078 1480 1112 divinae
1512 1078 1736 1122 providentiae
1769 1089 1817 1111 ar-

1078 1143 1157 1166 cano
1181 1133 1219 1165 ad
1245 1132 1417 1176 pastoralis
1453 1132 1619 1175 dignitatis
1655 1132 1816 1174 fastigium

1078 1187 1201 1220 meritis
1224 1186 1301 1219 licet
1318 1186 1497 1229 imparibus
1515 1185 1628 1226 evecti,
1649 1185 1715 1226 illa,
1735 1196 1816 1229 quae

1078 1250 1139 1282 pro
1159 1238 1241 1271 felici
1260 1249 1485 1282 prosperoque
1500 1238 1728 1281 religiosarum
1741 1249 1818 1271 con-

1079 1293 1302 1335 gregationum
1321 1292 1353 1324 in
1371 1292 1517 1324 Ecclesia
1535 1292 1589 1325 Dei
1616 1292 1667 1335 pie
1690 1297 1818 1326 sancte-

1079 1357 1141 1389 que
1175 1345 1402 1385 iustitutartim,
1429 1355 1466 1378 ac
1501 1345 1619 1378 uberes
1655 1345 1817 1379 bonorum

1078 1409 1215 1442 operum
1242 1399 1372 1438 fructus,
1400 1398 1588 1441 adspirante
1614 1399 1747 1442 superni
1774 1399 1818 1431 sa-

1079 1452 1162 1485 voris
1188 1451 1318 1491 auxilio,
1343 1452 1491 1494 proferre
1516 1452 1639 1494 iugiter
1664 1458 1816 1495 satagen-

1080 1506 1166 1545 tium,
1184 1505 1340 1548 regimine
1359 1510 1390 1537 et
1408 1505 1567 1547 gubernio
1593 1505 1726 1548 provide
1745 1516 1820 1548 pru-

1080 1559 1260 1602 denterque
1286 1558 1443 1601 disposita
1469 1563 1565 1601 atque
1584 1558 1733 1591 ordinata
1750 1568 1820 1591 esse

1080 1617 1270 1652 noscuntur,
1297 1616 1333 1643 ut
1356 1611 1447 1643 firma
1479 1621 1610 1654 semper
1634 1617 1730 1654 atque
1758 1611 1821 1644 illi-

1081 1666 1153 1698 bata
1189 1665 1385 1708 persistant,
1423 1664 1592 1707 apostolici
1629 1664 1821 1697 muniminis

1080 1719 1258 1762 praesidio,
1277 1729 1350 1751 cum
1368 1718 1400 1751 id
1419 1729 1435 1750 a
1455 1718 1549 1750 nobis
1568 1718 1698 1761 petitur,
1717 1717 1822 1750 liben-

1082 1778 1129 1805 ter
1153 1771 1414 1805 constabilimus

1124 1826 1184 1869 §.l
1210 1825 1320 1868 Nupei
1345 1825 1502 1869 siquidem
1529 1836 1587 1869 pio
1612 1830 1704 1869 parte
1732 1825 1842 1888 dile-p

1081 2043 1271 2081 cupatoruin
1297 2037 1391 2070 nobis
1416 2038 1600 2082 expositum
1627 2038 1698 2078 suit,
1721 2038 1821 2081 quod,

1081 2102 1153 2124 cum
1173 2090 1262 2129 alias,
1285 2090 1439 2123 videlicet
1463 2102 1548 2124 anno
1567 2101 1767 2130 iinchxxni,
1789 2091 1820 2123 in

1081 2143 1224 2187 capitulo
1251 2144 1396 2186 generali
1423 2144 1526 2177 dictae
1552 2143 1820 2187 Congregationis

1059 2231 1061 2238 ,
1083 2202 1155 2229 tunc
1176 2197 1354 2236 celebrato,
1375 2197 1459 2229 inter
1483 2197 1546 2230 alia
1567 2197 1689 2230 editum
1708 2197 1819 2229 suisset

1082 2251 1247 2283 decretum
1280 2250 1401 2283 tenoris
1428 2251 1483 2293 qui
1509 2250 1674 2294 sequitur,
1707 2250 1822 2283 videli-

1081 2309 1151 2336 cet:
1183 2315 1195 2334 ιι
1214 2303 1254 2335 [t
1274 2303 1497 2336 observantiae
1518 2304 1675 2346 regularis
1700 2304 1821 2336 incom-

1059 2357 1183 2401 imodis
1216 2362 1375 2397 caveatur,
1403 2357 1493 2389 nullo
1530 2362 1624 2400 pacto
1660 2357 1818 2390 accedere

1080 2410 1205 2452 possint
1230 2410 1268 2442 ad
1294 2409 1469 2453 capitulum
1497 2410 1647 2452 generale
1681 2420 1820 2452 praepo-

1080 2463 1131 2495 siti
1146 2474 1205 2506 per
1218 2463 1377 2496 vocalium
1396 2474 1473 2496 suae
1493 2463 1607 2496 domus
1626 2463 1819 2504 cessionem,

1116 2544 1125 2568 1
1151 2542 1187 2569 De
1207 2551 1320 2569 nurnero
1341 2543 1474 2570 vocalium
1497 2551 1544 2578 pro
1564 2543 1689 2578 capitulis
1704 2551 1819 2578 genera-

1080 2587 1151 2613 libus
1171 2586 1230 2613 vide
1250 2587 1392 2613 Alexandri
1412 2587 1455 2614 VII
1483 2587 1591 2614 constit.
1619 2587 1682 2614 edit.
1703 2593 1818 2623 noem,

1080 2630 1123 2657 die
1145 2632 1177 2657 10
1197 2631 1324 2665 ianuarii,
1342 2631 1436 2667 pontif.
1453 2639 1490 2659 w.

1710 221 1769 255 751
1819 230 1868 258 An.
1890 230 1917 258 c.
1936 231 2002 258 1696

1852 1091 1973 1115 nonnum.

1857 1861 1861 1865 ⁵
1880 1835 1935 1879 line
1936 1836 2012 1855 :crtum

1846 1868 1876 1881 riu
1887 1868 1918 1881 mr
1958 1867 2013 1881 anuo

1081 1884 1207 1911 ctorum
1234 1878 1373 1912 tiliolum
1400 1878 1579 1922 ptaepositi
1605 1879 1770 1921 generalis
1790 1867 1842 1912 et?
1832 1894 1883 1908 men

1081 1937 1218 1974 quatuor
1235 1933 1460 1964 consultorum
1475 1932 1632 1975 C01i01eg
1635 1932 1742 1964 itionis
1759 1933 1820 1965 cle·
1832 1941 1856 1959 ¹
1847 1948 1885 1961 ιιιιι

1081 1985 1224 2017 iic-orum
1255 1996 1307 2027 ref
1293 1985 1453 2026 igitlirium
1478 1985 1712 2018 Theatinoiuni
1738 1995 1822 2017 nun·
1831 1970 2014 2014 iiiinvxm-uf'fii‘

1832 2027 1915 2040 ncaum
1911 2021 1998 2040 miltun
2001 2029 2013 2041 ι.
