2227 3225
129 245 181 271 An.
197 244 226 272 C.
251 243 316 271 ¹⁴19ss

904 238 1112 263 INNOCEN'HUS
1138 238 1180 260 ΧΗ
1207 237 1252 260 ΙῬ.

1731 228 1795 260 545
1841 238 1888 262 an.
1909 237 1932 263 r..
1960 238 2025 265 ieet?

363 303 440 326 xvu.
460 291 617 324 Statuitur
633 294 669 322 ut
687 290 718 322 in
733 288 907 322 refectorio
925 297 1054 320 mensae
1074 292 1077 323 l
1097 285 1176 319 sicut
1203 286 1418 328 praemittitur
1452 286 1584 325 saetam,
1610 297 1738 320 necnon
1771 292 1832 320 sta-

322 356 388 378 non
406 349 603 378 exornentur
622 342 756 386 mappis,
775 342 832 374 sed
851 341 976 373 duobus
994 339 1056 373 lin-

324 398 418 431 teolis
442 396 648 440 paupercolis
671 406 731 439 pro
757 393 920 428 mundicie
950 392 1057 426 cuius-

321 452 369 485 vis
394 450 552 494 religiosi.

367 515 454 538 xvul.
488 503 642 536 Statuitur
671 508 705 535 ut
735 512 834 536 nemo
870 506 1056 534 ceterorum

322 557 551 600 religiosorum
568 556 752 600 provinciae
770 555 874 598 possit
891 554 975 597 apud
993 561 1056 586 tres

323 610 573 644 Recollectionis
597 615 773 644 conventus
798 618 967 641 remanere
996 607 1056 640 nisi

324 670 360 697 ut
384 675 443 708 per
468 664 595 707 aliquos
621 663 701 703 dics,
722 674 738 695 a
762 662 940 695 reverendo
965 667 1056 704 patre

324 717 514 761 provinciali
527 717 767 755 deliberandos,
781 715 865 748 serio
878 714 1058 758 spiritualia

324 780 435 803 eorum
453 768 606 802 exercitia
622 774 785 812 sequatur,
803 773 834 800 et
852 767 926 813 dum
944 766 1059 809 aliquis

324 823 384 856 sub
401 823 465 856 alio
482 823 546 855 fine
572 832 608 855 ac
633 826 803 864 praetextu
828 820 966 858 accedat,
986 819 1059 851 duo-

324 877 384 909 bus
411 875 579 908 transactis
607 874 737 914 diebus,
770 874 876 906 subito
906 872 1058 905 recedere

325 930 551 972 compellatur.

317 996 327 1002 ·
367 992 432 1016 xix.
467 982 701 1015 praecavemus
737 985 813 1013 uta
845 979 1060 1012 saecularium

325 1035 488 1079 colloquio
506 1035 633 1079 penitus
654 1034 798 1077 religiosi
819 1033 1058 1066 abstrahantur.

325 1088 530 1132 Quapropter
550 1088 624 1121 dum
649 1088 794 1131 hospites
813 1087 958 1139 recipere
980 1096 1062 1129 opus

327 1141 376 1181 sit,
402 1142 441 1174 ad
467 1142 583 1175 devote
609 1147 641 1174 et
665 1141 853 1174 charitative
879 1140 925 1173 eis
950 1150 1062 1172 neccs-

327 1194 412 1227 saria
436 1194 685 1227 ministrandum
712 1195 877 1227 dumtaxat
906 1192 988 1225 adsit
1008 1203 1062 1235 pa-

327 1253 376 1280 ter
389 1248 587 1290 guardianus
601 1252 654 1280 aut
670 1257 803 1291 praeses
821 1247 869 1279 vel
887 1247 959 1278 loco
978 1245 1063 1288 ipso-

326 1310 401 1332 rum
425 1300 597 1342 religiosus
623 1301 801 1333 modestior
825 1311 843 1332 a
861 1304 949 1342 patre
968 1309 1063 1342 guar-

327 1352 424 1386 diano
451 1348 664 1386 destinafflus
690 1358 722 1386 et.
751 1353 950 1395 seligendus.

371 1416 422 1438 xx.
449 1405 605 1439 Statuitur
629 1411 666 1438 ut
689 1416 784 1438 nemo
802 1406 840 1438 ad
860 1405 1004 1438 habitum
1020 1405 1062 1437 in-

327 1459 493 1493 duendum
516 1459 693 1502 recipiatur
718 1459 795 1502 quin
815 1458 906 1501 prius
920 1457 951 1490 in
971 1469 1064 1501 prae-

326 1511 481 1545 ordinatis
503 1511 710 1545 inserviendo
735 1511 955 1544 communitati
974 1522 1064 1544 exer-

326 1571 449 1604 ceatur,
462 1565 488 1597 si
500 1565 542 1598 sit
561 1564 599 1598 ad
618 1564 767 1605 chorum,
785 1575 845 1607 per
863 1575 962 1597 unum
977 1575 1064 1597 nien-

327 1629 405 1659 sem,
427 1624 459 1651 et
473 1629 534 1662 per
550 1619 640 1659 duos,
655 1618 682 1651 si
697 1619 739 1651 sit
760 1619 799 1652 ad
816 1618 982 1651 laicatum¹
1001 1624 1063 1651 sta-

326 1676 405 1711 tum,
433 1677 465 1705 et
488 1671 540 1705 his
564 1672 713 1715 peractis,
736 1671 821 1705 circa
839 1671 1062 1705 sufficientiam

326 1729 358 1757 et
389 1725 595 1758 habilitatem
630 1736 692 1768 pro
729 1729 815 1758 statu
854 1723 1061 1768 suscipiendo

326 1778 528 1820 singulorum
554 1783 626 1812 vota
652 1784 833 1811 sumantur.

370 1841 434 1864 xxi.
460 1831 602 1865 Tandem
627 1831 739 1865 ultimo
760 1831 911 1864 statuitur
931 1839 965 1866 ut
981 1842 1062 1866 nun-

327 1894 422 1926 quam
448 1884 501 1927 qui
534 1884 568 1916 in
598 1885 837 1927 praestabilitis·
858 1884 961 1917 tribus
986 1896 1062 1919 con-

325 1937 472 1970 ventibus
490 1937 634 1970 habitum
659 1943 881 1981 susceperunt,
899 1938 938 1970 ab
959 1938 1005 1971 eis
1022 1941 1060 1973 ad

326 1995 454 2022 ceteros
472 1989 656 2032 provinciae
674 1996 850 2023 conventus
869 1991 1062 2025 transferan-

326 2047 385 2082 tur,
411 2042 472 2075 nisi
498 2042 584 2085 gravi
613 2048 749 2085 urgente
777 2045 890 2083 causa,
920 2050 975 2076 aut
1001 2055 1060 2088 pro

325 2096 411 2129 bono
432 2096 592 2129 communi
611 2095 816 2139 provinciae,
838 2103 1060 2131 verumtamen

325 2149 406 2183 haec
430 2149 641 2193 approbanda
671 2160 730 2192 per
755 2149 974 2183 definitorium
998 2154 1061 2184 una

325 2213 397 2236 cum
430 2202 609 2246 superioris
645 2202 807 2244 generalis
845 2203 986 2236 licentia.
1024 2204 1060 2237 Et

324 2256 519 2300 quicumque
533 2256 617 2289 hanc
632 2257 778 2298 regulam
796 2256 924 2300 sequuti
941 2257 1060 2290 suerint

324 2320 385 2353 pax
410 2320 507 2353 super
531 2309 605 2343 illos
629 2321 660 2342 n.

368 2364 413 2397 Ac
436 2363 574 2407 proinde
599 2372 658 2406 pro
683 2367 775 2406 parte
797 2364 984 2397 eorumdem
1004 2365 1059 2397 mi-

323 2417 418 2451 nistri
443 2415 606 2460 generalis
626 2416 768 2449 custodis
795 2422 828 2449 et
852 2416 1056 2450 definitorum

324 2471 508 2516 praedictae
550 2469 800 2513 congregationi
846 2471 1056 2505 cardinalium

324 2525 504 2569 supplicato
523 2551 531 2564 ,
564 2529 598 2556 ut
628 2523 725 2556 trium
750 2528 967 2557 conventuum
999 2525 1059 2557 liu-

323 2577 464 2611 iusmodi
482 2576 681 2610 erectionem
706 2576 771 2610 sive
795 2577 1057 2620 assignationem,

359 2642 370 2669 1
393 2639 487 2667 Potius
505 2639 565 2674 lege
581 2639 713 2666 laicalem
734 2638 776 2666 vel
797 2639 936 2668 laicorum
954 2641 992 2674 [n.
1009 2641 1056 2675 T.).

428 2693 508 2721 Buzl.
528 2693 613 2721 Rom.
633 2708 666 2713 -—
690 2693 748 2723 Vol.
769 2693 831 2722 XX.
973 2694 1007 2721 69

1098 343 1164 370 tuta
1190 338 1390 381 praeinserta
1414 338 1637 370 contii-maret:

1141 392 1308 424 Emanarit
1321 392 1359 424 ab
1374 392 1487 424 eadem
1501 392 1757 434 Congregatione
1771 404 1835 426 car-

1099 443 1254 476 dinalium
1286 444 1454 476 decretum
1487 444 1611 476 tenoris
1644 447 1832 488 sequentis,

1098 497 1267 529 videlicet:
1295 497 1395 530 Sacra
1421 497 1633 539 Conqrrqatio
1650 499 1838 531 eminentis·
1862 508 2028 527 11e0r0¹u=usow

1099 551 1253 582 simorum
1273 554 1301 582 cl
1321 550 1661 582 rercremlissimorum
1686 551 1716 582 S.
1738 552 1775 584 R.
1795 550 1834 584 E.
1848 538 1982 560 &gamm

1100 604 1324 636 cardinalium
1348 605 1475 647 neqocii
1498 609 1526 636 el
1546 604 1838 637 consultationibus

1099 659 1321 700 episcoporum
1351 662 1379 690 c!
1403 658 1605 700 reqnlurium
1630 659 1834 701 praeposita,

1100 712 1220 744 ‹illeiilzi
1237 711 1395 743 relatione
1411 712 1662 743 eminentissimi
1681 712 1764 755 Cybo
1780 712 1838 745 Or-

1100 763 1188 795 dinis
1203 764 1308 795 suncli
1324 764 1495 796 Francisci
1509 764 1598 806 apud
1614 764 1765 797 Sanctam
1784 765 1837 797 Se-

1101 817 1169 849 clem
1197 817 1393 859 protectoris,
1412 817 1568 859 referente
1585 818 1838 849 eminentissimo

1102 870 1139 901 cle
1161 869 1321 911 Lanraeu,
1339 870 1462 902 censuit
1479 871 1699 913 suprascripta
1717 875 1839 902 statura

1103 933 1166 956 esse
1189 923 1423 966 approbanda,
1448 927 1546 968 pro-nt
1577 925 1757 966 praesentis
1788 923 1841 956 de-

1103 976 1181 1008 creti
1211 976 1317 1019 riyore
1345 976 1499 1019 approbat
1529 980 1625 1020 alque
1650 977 1837 1018 confirmat.

1103 1030 1234 1070 Romae,
1257 1042 1271 1062 r
1287 1030 1366 1061 iulii
1378 1042 1514 1064 uacxem.
1531 1030 1565 1063 G.
1579 1030 1749 1063 cardinalis
1764 1030 1841 1064 CAR-

1104 1092 1224 1121 PlNEUS,
1243 1083 1280 1114 A.
1300 1083 1480 1116 Amovmts
1497 1083 1704 1116 secretarius.

1147 1135 1162 1178 ἓ
1186 1135 1218 1168 3.
1245 1135 1322 1168 Cum
1348 1141 1473 1176 autem,
1498 1136 1579 1168 sicut
1611 1137 1748 1179 praefati
1782 1138 1841 1170 mi-

1105 1188 1222 1222 nister¹
1240 1188 1457 1231 provincialis,
1476 1194 1584 1222 custos
1603 1195 1635 1221 et
1651 1189 1840 1224 definitores

1105 1242 1198 1274 nobis
1224 1242 1359 1274 subinde
1386 1242 1503 1284 exponi
1528 1242 1682 1281 fecerunt,
1700 1243 1762 1286 ipsi
1788 1244 1842 1276 de-

1104 1300 1226 1327 cretum
1251 1294 1449 1334 huiusmodi,
1468 1305 1532 1338 quo
1550 1294 1673 1328 firmius
1688 1296 1842 1329 subsistat

1105 1353 1136 1380 et
1159 1354 1305 1380 servetur
1330 1348 1483 1387 exactius,
1509 1348 1706 1391 apostolicae
1725 1349 1842 1382 contir-

1105 1401 1256 1434 mationis
1280 1406 1411 1434 nostrae
1436 1402 1620 1445 patrocinio
1646 1404 1840 1436 communiri

1106 1454 1279 1497 plurimum
1294 1454 1495 1487 desiderent:
1511 1466 1578 1493 nos,
1594 1457 1781 1488 eorumdem
1795 1468 1843 1489 ex-

1104 1507 1295 1550 ponentium
1308 1507 1390 1540 votis
1409 1507 1470 1539 hac
1488 1507 1519 1540 in
1535 1518 1580 1544 re..
1601 1514 1753 1551 quantum
1769 1519 1842 1541 cum

1104 1560 1237 1594 Domino
1255 1571 1441 1604 possumus,
1459 1561 1680 1594 favorabiliter
1697 1573 1842 1595 annuere

1105 1613 1260 1653 volentes,
1279 1618 1311 1646 et
1335 1624 1449 1646 eorum
1474 1614 1657 1656 singulares
1682 1625 1841 1658 personas

1104 1679 1121 1700 a
1146 1666 1310 1710 quibusvis
1336 1667 1688 1707 excommunicationis,
1709 1679 1844 1711 suspen-

1103 1721 1203 1754 sionis
1228 1726 1260 1754 et
1283 1721 1459 1760 interdicti,
1483 1721 1620 1764 aliisque
1647 1722 1844 1755 ecclesiasti-

1103 1774 1147 1807 cis
1171 1774 1349 1814 sententiis,
1371 1774 1517 1807 censuris
1534 1779 1565 1808 et
1581 1775 1705 1818 poeniS,
1732 1785 1749 1808 a
1773 1775 1843 1808 iure

1103 1828 1151 1860 vel
1188 1828 1227 1860 ab
1264 1827 1420 1865 homine,
1449 1827 1562 1870 quavis
1594 1828 1765 1861 occasione
1790 1829 1841 1862 vel

1102 1883 1197 1914 causa
1221 1881 1305 1921 latis,
1332 1881 1359 1913 si
1385 1881 1510 1924 quibus·
1529 1881 1777 1924 quomodolibet
1795 1882 1842 1915 in-

1102 1935 1242 1967 nodatae
1268 1935 1421 1975 existunt,
1447 1935 1486 1968 ad
1508 1934 1659 1968 effectum
1686 1945 1841 1978 praesen-

1104 1989 1181 2020 tium
1213 1987 1377 2020 dumtaxat
1412 1988 1694 2030 consequendum,
1722 1989 1838 2021 barum

1102 2041 1183 2074 serie
1202 2041 1407 2074 absolventes
1425 2046 1455 2074 et
1472 2041 1655 2074 absolutum
1676 2042 1747 2075 sore
1765 2052 1841 2075 cen-

1101 2100 1220 2135 sentes²
1244 2094 1536 2138 supplicationibus
1571 2105 1682 2128 eorum
1708 2095 1840 2129 nomine

1102 2149 1194 2182 nobis
1220 2158 1317 2191 super
1338 2147 1400 2180 lioc
1424 2147 1592 2180 humiliter
1612 2148 1774 2190 porrectis
1791 2149 1840 2181 in-

1102 2202 1222 2242 clinati,
1247 2201 1411 2234 decretum
1428 2194 1680 2244 praeinsertum,
1701 2203 1840 2235 auctori-

1102 2261 1164 2289 tate
1190 2253 1378 2298 apostolica,
1405 2259 1519 2287 tenore
1538 2255 1770 2296 praesentium,
1785 2266 1840 2299 ap-

1101 2309 1275 2352 probamus
1299 2313 1331 2340 et
1355 2306 1593 2346 confirmamus,
1610 2307 1720 2350 illique
1738 2308 1840 2341 invio-

1101 2362 1206 2395 labilis
1224 2360 1423 2405 apostolicae
1443 2359 1603 2393 firmitatis
1617 2361 1715 2393 robur
1733 2361 1839 2394 adiici-

1100 2427 1187 2449 mus:
1211 2415 1297 2448 salva
1323 2419 1428 2447 tamen
1453 2425 1584 2457 semper
1600 2414 1632 2447 in
1651 2415 1837 2458 praemissis

1100 2469 1290 2503 auctoritate
1330 2472 1525 2501 memoratae
1569 2467 1836 2511 congregationis

1100 2521 1326 2556 cardinalium.

1145 2576 1159 2619 g
1174 2576 1206 2608 4.
1226 2575 1458 2614 Decernentes,
1473 2574 1558 2617 ipsas
1575 2580 1765 2617 praesentes
1782 2574 1835 2608 lit·
1872 2575 1992 2597 ⁰¹³⁰⁵¹¹¹³⁹-

1137 2641 1148 2667 1
1169 2637 1244 2666 Edit.
1258 2636 1338 2665 Main.
1353 2637 1421 2673 legit
1435 2636 1567 2664 nzinislrz'
1586 2640 1624 2671 (a.
1642 2636 1702 2670 T.).'

1900 1140 2035 1162 Confirmatio

1852 1168 1914 1190 relati
1929 1168 2017 1188 decreti.
