2227 3225
170 193 218 220 Αιι,
236 192 265 220 C.
289 192 350 220 1691

193 1362 261 1383 Cuci-
277 1362 321 1383 ΧΠ.

193 1390 222 1409 De
245 1389 348 1410 electione

165 1417 271 1436 sociorum
283 1416 348 1440 nia-„ri-

165 1442 202 1462 stri
217 1443 329 1468 generatis.

951 195 1160 219 innocnxrms

364 242 452 275 illam
476 242 604 285 ingredi
630 242 860 285 praecipimus,
879 252 920 276 ne
946 243 1124 275 indecoret

363 305 422 338 per
457 295 635 328 diversoria
660 295 817 328 cursitent
848 300 901 328 ant
932 301 1100 328 morentur

362 348 577 381 incommode.
605 348 758 391 ingressi,
786 354 849 382 tain
876 349 915 382 de
949 350 1014 382 suis
1040 349 1100 381 via-

361 401 432 434 ticis
467 402 592 435 solvant
626 402 799 435 conventui
837 402 968 442 victum,
996 403 1097 435 donec

361 464 521 497 expensae
561 455 753 498 capitulares
792 454 962 497 incipiant.
1000 454 1099 487 Nimis

361 511 468 541 autem
499 519 689 552 properare,
718 507 770 540 ant
802 509 893 541 valde
930 508 1097 541 immature

361 562 494 595 domum
521 562 719 605 praedictam
745 561 871 604 ingredi
897 561 1029 594 omnino
1056 562 1100 593 in-

361 614 549 647 terdicimus
574 615 634 647 sub
659 616 766 658 poena
790 614 946 656 gravioris
971 615 1098 657 culpae,

360 667 422 700 nisi
449 668 487 700 de
520 668 651 700 licentia
675 667 821 710 magistri
847 669 895 700 vel
921 667 1095 710 praesidis.

404 731 433 753 v.
461 720 627 753 Conclusis
653 720 714 753 iam
741 720 955 754 electionibus
985 730 1021 753 ac
1046 721 1099 753 de-

360 773 456 805 cretis
481 774 635 816 praedicti
661 773 837 806 delinitorii
863 773 1032 817 generalis
1053 777 1099 806 10-

360 831 425 858 tum
451 833 666 869 congregetur
682 827 872 870 capitulum,
893 827 943 859 cui
966 837 1098 870 praeses

360 877 709 917 orationem,brevem,
735 878 787 920 pia
813 883 916 910 tamen
944 878 1098 921 gravitate

358 929 523 969 ssuentem,
541 929 698 969 instituat,
716 941 779 973 qua
800 941 911 963 omnes
937 931 975 963 ad
1003 941 1099 972 regu-
1119 939 1121 950 ¹

359 983 460 1016 larem
479 983 683 1026 disciplinam
701 983 847 1016 severius
865 983 1098 1016 observandam

359 1035 520 1076 hortetur,
557 1046 593 1068 ae
626 1035 743 1069 deinde
781 1036 889 1068 onmia
925 1035 1097 1069 definitorii

359 1088 522 1130 generalis
549 1088 686 1129 decreta,
711 1090 775 1121 una
801 1099 871 1121 cum
897 1094 1026 1122 sanctae
1051 1089 1100 1120 ln-

359 1141 543 1184 quisitionis
553 1141 669 1180 edicto,
686 1141 749 1184 legi
769 1146 798 1174 et
815 1142 976 1184 publicari
995 1141 1098 1181 saciat,

359 1199 390 1227 et
415 1194 544 1227 tandem
570 1195 608 1227 ad
627 1194 866 1227 absolutionem
885 1195 1018 1237 capituli
1042 1195 1102 1227 sor-

359 1249 408 1279 nial
435 1258 507 1290 cap.
533 1257 610 1280 xv111
639 1247 736 1279 huius
761 1246 977 1280 distinctionis
1002 1247 1100 1279 subii-

360 1300 473 1333 cienda
497 1301 664 1343 procedat.

403 1363 425 1386 1.
441 1353 529 1391 Cum,
547 1353 591 1385 ita
607 1352 711 1385 officio
730 1353 926 1395 postulante,
941 1352 1020 1385 duos
1038 1351 1098 1384 sibi

360 1459 446 1491 omni
472 1458 578 1491 studio
603 1458 804 1491 consulimus
831 1463 867 1490 ut
892 1469 948 1490 eos
973 1469 1100 1501 semper

361 1511 461 1554 eligat
480 1522 605 1544 morum
626 1510 781 1544 suavitate
801 1511 977 1553 praeditos,
999 1511 1099 1543 Deum

360 1565 527 1604 timentes,

360 1624 503 1658 ornatos,
523 1617 740 1660 religiosaque
764 1623 795 1649 et
813 1617 942 1650 amabili
968 1628 1100 1650 conver-

361 1670 486 1704 satione
508 1670 680 1713 henignos,
701 1675 732 1702 et
752 1669 833 1702 nihil
860 1669 945 1702 aliud
966 1670 1003 1702 de
1022 1670 1099 1713 ipsis

362 1729 394 1757 et
410 1734 468 1756 suo
493 1733 628 1756 munere
647 1728 791 1766 quaerat,
810 1722 872 1755 nisi
889 1724 990 1756 solani
1008 1722 1100 1756 Ordi-

366 1777 417 1810 nis
443 1776 631 1809 utilitatem.

407 1840 443 1863 11.
469 1829 603 1862 Illorum
621 1828 663 1861 sit
683 1828 834 1869 officium,
854 1839 891 1861 ea
916 1840 995 1873 quae
1017 1830 1101 1862 vide-

362 1882 428 1915 rint
454 1883 503 1915 vel
521 1881 684 1914 audierint
708 1881 738 1913 in
764 1881 883 1914 Ordine
909 1882 1101 1924 corrigenda

363 1936 414 1968 rel
438 1946 496 1978 pro
522 1935 609 1968 illius
635 1934 750 1967 maiori
775 1934 862 1967 bono
888 1935 1100 1978 disponenda,

364 1987 519 2031 magistro
533 1988 712 2031 prudenter
726 1987 864 2031 aperire,
879 1988 999 2031 illaque
1014 1999 1103 2031 prae·
1121 2009 1123 2018 ι

363 2041 476 2074 sertim
502 2051 584 2084 quae
611 2041 649 2074 ad
678 2041 934 2084 redemptionem
961 2042 1102 2085 captivo-

363 2104 475 2126 vorum
500 2094 639 2126 attinent
663 2095 701 2127 ad
720 2094 910 2127 memoriam
935 2105 1099 2127 revocare.

364 2146 396 2179 Si
421 2158 484 2190 qna
503 2158 579 2180 vero
604 2147 734 2180 Ordinis
760 2153 888 2180 secreta
908 2146 986 2190 ipsis
1004 2148 1103 2180 credi-

549 1564 678 1597 Ordinis
704 1565 878 1602 zelatores,
903 1564 1098 1596 discretione
1121 1576 1122 1586 ι

1185 195 1229 218 xn
1253 197 1301 219 Pr.

1144 243 1180 275 ad
1208 243 1290 275 liaeo
1313 244 1345 276 in
1370 249 1525 287 promptu
1551 245 1684 286 habere,
1710 248 1877 292 librosque

1143 296 1288 338 magistri
1315 301 1346 329 et
1370 296 1498 330 Ordinis
1525 300 1700 338 custodire,
1726 302 1763 333 ad
1791 303 1876 344 quod

1143 359 1258 381 munus
1273 351 1490 382 exercendum
1509 351 1539 382 in
1562 352 1708 393 magistri
1729 355 1876 386 manilius

1143 401 1237 434 saciat
1260 401 1478 436 iuramentum
1505 409 1654 436 contacto
1689 406 1752 437 suis
1778 406 1877 439 Evan-

1143 455 1228 496 gelio
1254 456 1285 487 in
1312 456 1396 488 hanc
1422 456 1568 489 sormam.
1596 457 1684 489 Dicat
1710 458 1794 490 enim
1813 470 1878 491 ma-

1142 508 1256 550 gister:
1280 508 1391 541 «Iuras
1410 509 1441 541 in
1457 509 1582 542 animae
1602 515 1672 542 tuae
1688 511 1877 553 periculum,

1142 561 1229 604 quod
1255 561 1318 594 eris
1343 561 1448 595 fidelis
1479 562 1510 594 in
1537 563 1686 595 omnibus
1703 591 1710 603 ‚
1739 570 1770 597 et
1796 575 1877 607 qnae

1142 624 1201 656 pro
1226 614 1312 647 bono
1336 614 1465 646 Ordinis
1495 620 1557 647 tam
1579 615 1611 647 in
1639 615 1708 647 eius
1728 616 1879 649 visitatio-

1143 667 1236 700 nibus
1265 678 1360 711 quam
1393 668 1546 701 universo
1577 669 1733 711 regimine
1759 670 1880 702 suerint

1143 720 1199 752 tibi
1214 721 1346 761 credita,
1363 721 1529 762 retinebis,
1544 727 1575 754 et
1589 722 1764 754 secundum
1779 723 1877 755 Deum

1142 778 1173 805 et
1197 773 1361 816 propriam
1391 774 1621 806 conscientiam
1648 779 1737 807 tuum
1763 786 1878 807 munus

1143 825 1174 857 in
1199 826 1348 858 omnibus
1371 827 1538 869 exequeris
1552 827 1587 859 »7
1611 828 1811 861 Seci'ctarins
1831 839 1880 862 re-

1143 879 1319 921 spondeat:
1347 879 1436 912 Iuro.
1474 881 1562 913 Alter
1593 892 1667 913 vero
1701 882 1806 914 socius
1833 882 1880 914 vir

1142 942 1217 964 sane
1243 932 1341 964 debet
1366 943 1438 965 esse
1465 933 1560 965 totius
1585 934 1735 973 consilii,
1763 935 1878 966 litteris

1143 990 1170 1017 et
1197 986 1391 1018 auctoritate
1427 992 1620 1029 praestans,
1646 998 1742 1029 quem
1776 989 1879 1030 possit

1143 1038 1297 1080 magister
1331 1039 1369 1070 de
1399 1039 1550 1081 gravibus
1582 1040 1757 1083 arduisque
1784 1042 1880 1074 rebus

1142 1092 1322 1129 consulere,
1345 1092 1471 1135 sibique
1498 1093 1679 1126 adiutorem
1708 1094 1878 1134 adhibere,

1143 1150 1238 1187 atque
1257 1145 1303 1177 illi
1319 1145 1492 1185 interdum,
1515 1146 1540 1177 si
1563 1147 1752 1189 expedierit,
1772 1148 1881 1190 aliqua

1120 1216 1121 1228 t
1143 1197 1193 1230 sui
1210 1197 1354 1230 muneris
1379 1198 1504 1239 agenda
1529 1199 1745 1232 committere.

1186 1261 1228 1283 tv.
1256 1251 1335 1284 Dum
1373 1251 1560 1284 huiusmodi
1592 1252 1670 1284 socii
1705 1253 1881 1295 funguntur

1143 1304 1205 1336 hoc
1219 1315 1361 1345 munere,
1380 1305 1482 1337 solius
1505 1305 1645 1347 magistri
1661 1306 1879 1339 obedientiam

1120 1371 1122 1382 ι
1143 1356 1296 1395 subeunt,
1313 1362 1345 1389 et
1362 1357 1443 1389 nulli
1463 1356 1557 1390 alteri
1579 1359 1724 1400 praelato
1743 1360 1881 1391 subdun-

360 1405 466 1438 socios
503 1405 622 1438 debeat
656 1405 813 1447 magister
837 1415 1003 1437 assumere
1019 1432 1026 1444 ‚
1052 1405 1099 1437 illi
1120 1423 1121 1427 =

1143 1414 1207 1440 tur.
1234 1408 1267 1440 In
1294 1409 1407 1442 ordine
1433 1410 1568 1442 sedendi
1595 1411 1758 1452 magistris
1781 1412 1883 1443 omni-

1143 1461 1202 1493 bus
1219 1462 1378 1501 eminent,
1398 1467 1429 1494 et
1447 1473 1503 1495 eos
1521 1463 1746 1495 tantummodo
1766 1474 1881 1506 expro-

1143 1514 1297 1547 vinciales
1323 1515 1536 1558 praecedunt,
1559 1521 1591 1548 et
1615 1516 1668 1558 qui
1697 1516 1806 1548 talium
1826 1517 1882 1548 lio-

1143 1577 1223 1599 nore
1255 1567 1323 1600 iure
1361 1568 1474 1600 harum
1512 1569 1779 1601 constitutionum
1808 1574 1882 1600 sunt

1143 1620 1257 1653 all‘ecti.
1275 1621 1352 1654 Cum
1372 1627 1476 1653 autem
1499 1621 1538 1653 ab
1556 1622 1660 1654 officio
1678 1622 1880 1660 recesserint,

1143 1673 1166 1705 si
1182 1683 1241 1716 per
1258 1678 1321 1706 tres
1336 1685 1437 1706 annos
1457 1674 1536 1707 illud
1559 1673 1711 1713 obierint,
1730 1680 1883 1706 maneant

1143 1736 1214 1758 cum
1241 1726 1352 1768 gratiis
1375 1732 1406 1758 et
1431 1727 1611 1760 bonoribus
1637 1726 1884 1769 exprovinciali-

1142 1780 1201 1812 bus
1226 1779 1352 1820 debitis,
1369 1780 1502 1822 dempto
1529 1781 1601 1813 loco
1629 1780 1803 1812 dumtaxat.
1827 1780 1884 1813 So-

1144 1832 1210 1864 cios
1234 1843 1310 1865 vero
1348 1832 1504 1874 magistri,
1531 1843 1613 1875 quos
1650 1833 1688 1865 ad
1722 1833 1881 1866 honorem

1145 1885 1300 1926 dicimus,
1326 1886 1372 1918 sic
1397 1886 1459 1917 iam
1485 1885 1516 1917 in
1542 1890 1710 1928 posterum
1738 1885 1883 1918 destitui-

1144 1949 1226 1978 mus,
1247 1944 1282 1971 nt
1306 1938 1427 1971 nullam
1452 1938 1587 1972 ulterius
1612 1949 1723 1971 eorum
1752 1939 1884 1971 electio-

1145 2001 1219 2023 nem
1236 1991 1270 2023 in
1288 1991 1438 2024 omnihus
1455 1991 1632 2034 provinciis
1646 1991 1882 2034 permittamus,

1146 2043 1206 2076 nisi
1240 2049 1363 2077 tantum
1397 2055 1530 2083 eorum,
1556 2055 1636 2087 quos
1668 2043 1821 2085 magister
1850 2044 1883 2076 in

1147 2097 1302 2130 exercitio
1327 2097 1503 2137 constituit,
1518 2103 1553 2129 ut
1570 2097 1632 2129 sibi
1653 2097 1807 2130 continuo
1829 2097 1885 2129 ad-

1123 2152 1124 2186 ]
1146 2149 1315 2181 liaeieant

1776 190 1840 224 :347
1886 201 1936 227 An.
1958 201 1986 227 c.
2007 202 2067 227 ient

365 2199 460 2239 derit,
488 2199 547 2232 sub
574 2199 719 2233 districto
745 2200 875 2232 silentio
898 2200 1099 2233 contineant.

409 2262 458 2286 111.
485 2252 528 2284 Ex
554 2250 605 2285 his
632 2258 739 2286 autem
765 2253 860 2286 sociis
885 2264 968 2286 unus
994 2253 1032 2286 ad
1050 2253 1124 2285 miv

365 2315 425 2338 nus
452 2305 549 2338 debet
580 2316 653 2338 esse
684 2306 891 2347 secretarius,
918 2312 950 2340 et
974 2307 1006 2339 in
1033 2307 1102 2349 epi-

1191 2212 1213 2235 1.
1241 2202 1405 2235 Ordinatis
1430 2203 1494 2235 iam
1520 2202 1679 2245 superius,
1707 2212 1788 2245 quae
1815 2212 1886 2245 per·
1922 2209 2078 2258 {filorum—

1146 2255 1249 2288 tinent
1273 2255 1312 2288 ad
1338 2256 1515 2299 capitulum
1541 2256 1714 2298 generale,
1744 2255 1947 2308 occurritp-¹
1988 2269 1998 2308 ‘E

1146 2308 1251 2340 statim
1270 2308 1446 2351 capitulum
1475 2308 1675 2351 proxinciale
1694 2308 1805 2340 eadem
1829 2308 1887 2340 s01—
1896 2296 1953 2336 ⁹in
1976 2296 2068 2362 cili
2035 2319 2054 2334 ιιι
2057 2317 2079 2335 ιιι

366 2359 519 2391 stolarum
535 2364 603 2392 alte
621 2357 771 2399 disertus,
789 2360 840 2403 qui
860 2359 1102 2401 ma0islab01et
1122 2400 1123 2412 ξ
1146 2372 1197 2393 ma
1229 2366 1260 2393 et
1290 2361 1520 2394 disttibutione
1556 2361 1750 2394 ordinatum.
1774 2361 1852 2399 Quo
1846 2362 1885 2394 id
1897 2348 1933 2368 pr
1923 2348 1990 2362 ΗΜ]
2016 2348 2040 2361 Ξ

366 2410 400 2444 in
414 2413 558 2445 notando
575 2412 775 2445 sententiose
795 2412 989 2451 etbrevite1‚
1005 2423 1100 2456 quam
1122 2446 1123 2449 ,
1144 2415 1251 2447 locum
1277 2425 1354 2457 ergo
1392 2415 1622 2447 celebrationis
1653 2414 1721 2447 eius
1755 2425 1884 2457 semswr

367 2475 553 2498 sermonem
577 2466 741 2509 turgidum
767 2473 799 2498 et
822 2467 920 2499 veiba
937 2466 1098 2499 sublimia.
1121 2452 1176 2502 tin
1202 2478 1240 2500 ea
1265 2467 1358 2500 domo
1384 2467 1451 2500 sieii
1478 2467 1714 2506 constituimus,
1738 2478 1820 2510 quae
1848 2468 1880 2499 in

367 2516 467 2551 Debet
492 2519 588 2552 etiam
613 2519 741 2552 Ordinis
766 2519 872 2563 sigilla
896 2520 981 2562 apud
1000 2530 1033 2552 se
1051 2530 1101 2551 re·
1143 2520 1352 2562 praecedenti
1370 2520 1511 2563 capitulo
1530 2520 1696 2562 designati
1715 2521 1774 2552 suit
1795 2531 1810 2552 a
1829 2521 1884 2552 de-

368 2570 471 2603 tinere
488 2596 495 2610 ,
519 2571 640 2605 litteras
666 2546 812 2614 signarev
812 2599 819 2612 ,
848 2577 878 2605 et
902 2572 1099 2616 pertinentia
1145 2572 1289 2606 finitorio
1315 2572 1518 2616 provinciali,
1536 2573 1584 2605 vel
1612 2572 1642 2604 in
1670 2572 1735 2605 suis
1756 2572 1882 2605 casibus
