2227 3225
927 267 1020 289 manv
1049 266 1150 288 neura
1686 258 1749 287 05⁴.»

343 323 386 355 ris
410 322 575 365 generatis,
602 320 808 359 confirmavit,
835 319 898 352 565
923 330 942 351 a
968 322 998 350 et
1021 328 1103 361 seq.,·
1127 316 1156 350 S.
1179 316 1343 358 Augustini
1369 317 1503 349 alumnis
1525 318 1702 360 provinciae
1723 321 1795 353 novi

344 375 432 418 regni
458 374 659 408 Granatensis
685 373 714 405 in
740 373 835 406 Indiis
853 370 1105 405 Occidentalibus
1122 369 1300 402 facultatem
1323 369 1511 413 suscipiendi
1531 371 1647 413 gradus
1672 373 1794 405 schola-

343 428 437 461 sticos
462 428 492 459 in
518 427 659 470 ipsorum
686 426 820 468 collegio
845 427 874 458 S.
903 424 1021 458 Nicolai
1046 423 1179 457 civitatis
1204 423 1234 455 S.
1259 423 1344 455 Fidei
1369 423 1407 455 ab
1432 424 1499 456 eius
1525 430 1647 457 rectore
1673 436 1796 459 conces<

343 482 390 523 sit,
417 481 480 514 622
505 492 523 513 a
548 486 578 513 et
602 491 678 524 se‹1.;
700 480 816 513 eisdem
842 479 1019 522 provinciae
1044 477 1208 511 Narbonae
1233 481 1262 509 et
1289 477 1486 520 Burgundiae
1511 478 1711 511 concordiam
1738 479 1793 512 ini-

344 541 404 567 tam
429 534 467 567 ab
492 534 620 573 iisdem,
647 534 730 567 eirca
755 533 939 565 divisionem
964 530 1190 566 coenobiorum
1218 534 1247 563 et
1272 530 1488 563 alternativam
1514 531 1691 565 officiorum
1717 532 1798 565 inter

343 589 445 633 ipsos,
471 588 678 629 confirmavit,
704 586 766 620 839
793 599 811 619 a
837 593 866 619 et
890 597 952 630 seq.

257 643 403 676 Ercmitis
427 642 626 675 Disealceatis
646 642 677 674 S.
699 640 862 683 Augustini
889 638 1149 682 Congregationis
1170 638 1275 672 Italiae
1298 637 1423 670 decreta
1454 637 1527 677 duo,
1553 637 1684 671 alterum
1708 637 1795 681 capi-

344 696 399 729 tuli
417 695 574 738 generalis
599 695 700 728 dictae
725 694 996 736 Congregationis,
1013 693 1145 725 alterum
1165 691 1427 735 Congregationis
1452 691 1674 735 episcoporum
1701 695 1730 725 ct
1754 702 1799 725 rc-

345 750 504 793 gularium
537 759 596 792 pro
622 748 833 781 celebratione
859 746 987 789 capituli
1014 745 1215 788 provincialis
1234 744 1417 778 eorumdem
1444 744 1647 778 eremitarum
1673 745 1800 789 provin-

347 803 412 836 ciae
432 802 629 841 Germaniae,
647 801 845 834 confirmavit
871 800 1072 833 Innocentius
1092 798 1158 838 XII,
1183 798 1246 831 447
1268 809 1288 831 a
1314 804 1343 830 et
1368 798 1398 837 b,
1425 798 1593 842 praedictis
1619 798 1800 841 provinciae.

347 855 496 889 Franciae
515 855 690 888 facultatem
718 854 846 887 canendi
873 863 943 886 eum
970 853 1052 885 notis
1078 852 1107 884 in
1134 851 1328 895 expositione
1354 851 1617 884 SS.Sac1·amenti
1643 857 1673 884 et
1698 852 1801 884 missis

346 909 566 942 defunctorum
593 908 756 947 concessit,
783 907 846 939 81⁴.)
872 908 907 947 b;
936 906 1052 938 eisdem
1079 906 1241 938 decretum
1263 911 1296 938 ut
1313 905 1424 938 cedant
1443 905 1617 939 Minoribus
1636 905 1674 938 de
1695 905 1794 939 Obscr

346 963 453 996 vantia
477 962 685 1003 Discaleeatis,
711 961 775 994 92⁴.)
800 962 827 993 b.

260 1017 470 1051 Eremitarum
496 1016 524 1049 S.
550 1016 716 1059 Augustini
742 1014 891 1048 ecclesias
916 1013 1113 1046 visitantibus
1144 1012 1371 1055 indulgentiam
1408 1012 1578 1056 plenariam
1615 1018 1799 1057 perpetuam

348 1071 380 1103 in
404 1070 496 1103 Festo
520 1070 551 1103 S.
579 1069 704 1103 Ioannis
729 1080 745 1101 a
770 1069 798 1102 S.
827 1068 974 1101 Facundo
999 1067 1124 1101 Ordinis
1149 1066 1302 1110 praedicti
1329 1066 1494 1107 concessit,
1523 1066 1582 1100 156
1608 1066 1633 1099 b.

261 1123 426 1168 Exemptio
451 1133 468 1156 a
493 1122 710 1166 vectigalibus,
734 1122 805 1156 vide
830 1121 1008 1165 vectigalia.

1026 1271 1048 1303 F

263 1379 393 1413 Fabrica
418 1379 449 1412 S.
478 1379 560 1412 Petri
593 1384 625 1412 ut
659 1378 736 1411 nihil
760 1378 892 1412 donaret
924 1389 959 1411 ac
984 1379 1159 1412 remitteret
1196 1383 1266 1422 post
1298 1379 1541 1422 applicationem
1578 1388 1632 1411 seu
1658 1389 1723 1412 rem
1750 1379 1801 1412 iu-

351 1433 508 1473 dicatam,
534 1432 571 1465 ad
605 1432 744 1466 savorem
770 1432 869 1465 dictae
906 1433 1044 1465 fabricae
1070 1432 1209 1464 decrevit
1238 1432 1404 1464 cardinalis
1430 1432 1517 1476 Cybo
1549 1432 1804 1475 congregationis

350 1486 489 1519 eiusdem
515 1486 652 1518 fabricae
688 1486 883 1529 praefectus,
915 1486 1044 1529 eiusque
1069 1485 1230 1518 decretum
1257 1489 1342 1518 motu
1370 1485 1501 1528 proprio
1527 1485 1728 1517 confirmavit
1752 1485 1806 1518 In-

351 1539 515 1573 nocentius
536 1539 611 1578 XII,
637 1539 701 1572 217
727 1550 746 1572 a
772 1543 801 1573 et
827 1540 854 1572 b.

263 1592 483 1626 Familiaribus
509 1592 668 1626 Pontificis
693 1592 909 1636 exemptiones
933 1603 950 1625 a
975 1592 1180 1635 vectigalibus
1205 1592 1235 1624 in
1261 1592 1399 1635 generali
1435 1592 1634 1626 revocatione
1666 1603 1810 1636 praeser-

352 1646 435 1680 vavit
459 1646 634 1679 Alexander
660 1646 746 1687 VIII,
773 1645 813 1678 16
839 1646 873 1685 b;
909 1645 1078 1690 praedictis
1104 1646 1269 1689 privilegia
1294 1646 1446 1690 quaedam
1473 1647 1646 1686 concessit,
1672 1646 1714 1679 ⁶23
1740 1647 1757 1680 b
1781 1652 1811 1680 et

354 1711 429 1744 seqx,
454 1699 572 1733 eisdem
598 1699 764 1743 privilegia
789 1699 827 1732 de
852 1709 941 1732 more
965 1699 1086 1743 pariter
1111 1699 1266 1732 concessit
1286 1700 1487 1733 Innocentius
1510 1699 1582 1740 XII,
1608 1699 1667 1733 231
1698 1701 1722 1733 b.

266 1754 452 1796 Farnesius,
478 1754 550 1787 vide
574 1754 761 1787 Franciscus
786 1753 964 1786 Farnesius.

266 1807 356 1840 Festa
381 1806 578 1840 Sanctorum.
614 1806 647 1838 In
672 1806 749 1839 sesto
774 1806 804 1839 S.
832 1806 955 1839 Ioannis
980 1815 997 1838 a
1019 1805 1167 1838 Facundo
1191 1806 1315 1839 Ordinis
1340 1807 1550 1840 Eremitarum
1577 1807 1673 1840 sancti
1699 1808 1810 1850 Angu-

356 1861 428 1894 stini
453 1860 680 1904 indulgentiam
707 1860 881 1903 plenariam
906 1865 1092 1903 perpetuam
1118 1860 1313 1892 visitantibus
1333 1860 1480 1893 ecclesias
1505 1861 1578 1893 dicti
1597 1861 1721 1894 Ordinis
1739 1872 1810 1894 con-

356 1915 449 1948 cessit
475 1914 650 1947 Alexander
675 1915 755 1953 vul,
787 1913 895 1953 1561»,
922 1913 952 1945 in
977 1914 1055 1947 sesto
1081 1913 1111 1946 S.
1139 1913 1275 1947 Caietani
1302 1913 1448 1946 Tbienaei
1473 1913 1598 1947 Ordinis
1623 1914 1811 1947 clericorum

356 1968 549 2012 regularium
575 1967 764 2000 institutoris
789 1967 1016 2010 indulgentiam
1050 1973 1170 2011 septem
1197 1977 1351 1999 annorum
1378 1973 1407 1999 et
1432 1967 1560 2000 totidem
1591 1967 1811 2010 quadragena-

357 2033 448 2063 rum,
473 2032 491 2055 a
515 2022 673 2056 Clemente
700 2021 725 2054 X
753 2031 950 2061 concessam,
976 2020 1161 2064 approbavit
1187 2020 1386 2053 Innocentius
1412 2020 1480 2061 XII,
1507 2019 1571 2053 1184
1596 2021 1631 2060 b,
1658 2021 1729 2053 item
1757 2031 1814 2064 pro

360 2076 437 2110 sesto
463 2076 492 2109 S.
518 2075 642 2109 Ioannis
667 2074 706 2107 de
730 2075 803 2115 Deo,
828 2074 890 2107 '194
914 2085 951 2114 ι·ι;
978 2074 1051 2107 item
1077 2084 1134 2117 pro
1160 2074 1237 2106 sesto
1263 2074 1292 2107 S.
1318 2073 1476 2106 Paschalis
1501 2074 1618 2118 Bavlon
1643 2074 1706 2107 213
1729 2075 1759 2114 b,
1785 2075 1816 2106 in

358 2130 436 2163 festo
461 2129 492 2162 S.
520 2128 644 2162 Ioannis
669 2127 707 2161 de
732 2128 816 2168 Deo,
842 2128 937 2171 paulo
962 2132 1033 2160 ante
1064 2127 1230 2160 memorati
1268 2126 1495 2170 indulgentiam
1528 2127 1703 2171 plenariam
1736 2138 1814 2172 per-

359 2188 485 2227 petuam
508 2181 558 2215 die
583 2191 639 2215 vn1
663 2181 768 2215 martii
794 2181 935 2214 ecclesiis
958 2181 1090 2214 fratrum
1113 2181 1252 2214 eiusdem
1281 2181 1311 2214 S.
1344 2181 1468 2214 Ioannis
1494 2180 1533 2214 de
1561 2181 1624 2214 Deo
1648 2182 1815 2221 concessit,

360 2235 425 2269 220
445 2247 479 2275 α;
505 2235 536 2269 S.
564 2235 722 2268 Francisci
748 2234 857 2267 Salesii
883 2233 1109 2277 indulgentiam
1128 2233 1301 2277 plenariam
1316 2239 1503 2278 perpetuam
1525 2233 1673 2267 ecclesias
1699 2235 1816 2268 monia-

361 2289 438 2322 lium
464 2288 656 2322 Visitationis
681 2288 879 2321 visitantibus
904 2297 1086 2321 concessam
1113 2288 1330 2329 confirmavit,
1355 2288 1420 2321 427
1445 2300 1477 2322 cc.

274 2342 356 2376 Festi
381 2342 411 2376 S.
440 2341 595 2375 Dominici
620 2341 800 2382 celebratio,
822 2340 880 2374 551
911 2341 942 2381 b;
969 2340 1068 2374 edicta
1085 2341 1237 2384 quaedam
1264 2341 1347 2374 circa
1373 2342 1454 2376 hanc
1478 2352 1544 2375 rem
1571 2341 1728 2386 praetoris
1747 2341 1818 2375 Cre-

363 2395 522 2429 monensis
546 2395 630 2427 nulla
655 2394 824 2428 declaravit
850 2394 1049 2428 Innocentius
1076 2395 1137 2435 XII,
1163 2394 1222 2429 551
1251 2396 1267 2427 h
1293 2400 1323 2428 et
1346 2407 1406 2440 seq.

274 2448 402 2482 Festum
427 2448 650 2493 Conceptionis
675 2448 706 2480 B.
732 2448 771 2480 M.
800 2448 843 2487 V„
868 2448 939 2481 vide
962 2447 1131 2492 Conceptio
1157 2448 1190 2482 B.
1217 2449 1254 2482 M.
1281 2449 1313 2482 V.

276 2501 461 2535 Franciscus
487 2502 548 2545 (S.)
574 2501 718 2541 Salesius,
743 2501 813 2534 ride
836 2501 925 2534 Festa
951 2500 1148 2534 Sanctorum.

278 2554 404 2587 Fratres
430 2554 554 2588 Ordinis
580 2554 676 2588 sancti
702 2554 879 2597 Augustini,
904 2555 973 2587 vide
998 2555 1156 2589 Eremitae
1181 2556 1211 2590 S.
1239 2557 1416 2600 Augustini.

280 2607 407 2640 Fratres
431 2607 633 2651 Carmelitae,
660 2618 714 2641 seu
739 2608 777 2641 de
802 2608 905 2642 Monte
930 2609 1083 2650 Carmelo,
1107 2610 1178 2643 vide
1203 2610 1396 2644 Carinelitae.

278 2661 407 2696 Fratres
432 2660 556 2696 Ordinis
579 2662 734 2696 Minorum
760 2662 859 2696 sancti
884 2662 1054 2704 Francisci,
1080 2663 1151 2697 ride
1175 2663 1321 2697 Minores.
