2254 3225
227 240 275 267 An.
291 238 319 266 C.
342 238 408 266 1693
454 231 518 264 544

422 288 566 321 retinere
599 287 768 321 missarum
801 287 1065 330 eleemosynam,
1098 285 1155 318 sed

421 342 540 375 debeat
557 341 750 386 quamcitius
771 352 841 374 eam
859 341 1005 384 praelato
1023 338 1157 372 manife-

421 400 507 428 stare
532 400 565 428 et
588 394 752 435 exhibere,
778 399 810 428 et
834 399 908 427 tunc
931 393 1096 437 praelatus
1128 391 1156 424 ei

422 448 606 482 facultatem
638 448 833 492 praestabit,
864 452 900 480 ut
931 447 1004 481 illas
1041 445 1156 478 missas

424 501 512 534 iuxta
537 502 729 535 declaratam
755 500 983 534 necessitatem
1007 499 1158 542 applicet.

468 565 512 588 vi.
546 554 702 587 Statuitur
733 559 768 586 ut
796 554 828 587 in
859 552 1024 586 matutinis
1055 551 1160 584 media

426 615 521 642 nocte
556 607 786 641 inviolabiliter
820 618 879 650 per
912 606 1058 648 singulos
1091 604 1159 637 dies

428 663 528 695 Deum
546 661 755 701 benedicant,
775 661 852 703 quin
869 660 902 692 in
921 664 986 692 toto
1004 657 1077 691 anni
1096 667 1162 690 cur-

429 715 533 748 riculo
558 714 731 758 aliquando
768 713 973 756 dispensetur
1004 717 1069 744 tam
1093 720 1163 743 cae-

428 767 520 800 lestis
545 767 633 807 hora,
655 766 687 799 in
714 777 777 809 qua
802 777 819 799 a
843 765 1007 807 regalibus
1031 764 1162 797 sedibus

431 821 611 854 Altissimus
628 820 726 860 venit,
744 820 829 852 inter
849 818 1083 852 sacratissimae
1099 817 1166 849 Vir-

432 875 516 917 ginis
540 873 675 907 brachia
700 873 823 916 primus
847 872 1000 913 intonuit,
1027 881 1165 914 surgens

432 928 465 960 in
490 927 638 970 requiem
662 936 761 965 suam,
779 931 810 959 et
826 931 955 959 noctem
979 925 1064 957 sicut
1080 924 1166 957 diem

432 981 616 1014 illuminare
640 980 842 1012 monstravit.
873 979 917 1012 De
950 983 1059 1011 cetero
1089 977 1167 1010 divi-

433 1045 510 1067 num
535 1032 674 1066 officium
710 1032 884 1075 paulatim,
917 1036 1101 1064 reverenter
1131 1040 1167 1062 ac

434 1088 547 1120 devote
574 1086 748 1125 recitetur,
777 1096 836 1118 nec
860 1085 928 1118 ulla
952 1084 1020 1117 dies
1045 1084 1167 1126 absque

434 1140 531 1173 missa
555 1139 760 1172 conventuali
784 1143 1001 1182 pertranseat.

478 1204 532 1227 vn.
549 1192 705 1235 Statuitur
724 1198 758 1224 ut
775 1192 807 1224 in
825 1191 962 1234 singulis
982 1190 1097 1223 diebus
1111 1199 1171 1233 per

436 1248 515 1280 duas
541 1247 638 1279 horas
663 1245 766 1278 oratio
787 1244 937 1277 mentalis
963 1248 1168 1283 exerceatur,

436 1301 541 1345 prima
566 1301 622 1333 ora
640 1305 712 1332 ante
731 1299 877 1338 Primam,
897 1303 928 1331 et
946 1298 1092 1331 secunda
1112 1297 1171 1329 ho-

436 1356 472 1387 ra
507 1358 580 1397 post
609 1352 878 1395 completorium:
914 1356 946 1384 et
974 1351 1108 1394 insuper
1132 1350 1171 1383 ad

437 1407 673 1450 praedictarum
699 1406 853 1438 horarum
877 1404 1108 1447 perfectiorem
1125 1414 1173 1436 cx—

437 1459 637 1503 peditionem
680 1458 901 1500 unusquisque
938 1457 1022 1489 intra
1058 1457 1171 1489 cellam

439 1523 528 1545 suam
553 1512 585 1544 in
605 1511 767 1555 profundo
789 1510 919 1543 silentio
942 1512 1030 1543 solus
1047 1514 1174 1542 maneat

438 1566 512 1594 ante
537 1560 784 1603 completorium
810 1571 867 1603 per
889 1570 985 1592 unam
1002 1559 1125 1600 horam,
1144 1564 1175 1592 et

439 1619 513 1647 ante
538 1614 669 1646 missam
691 1611 809 1646 0Πῖυῆί
835 1623 894 1655 per
911 1613 1017 1645 aliam.

483 1677 552 1701 v111.
577 1667 732 1700 Statuitur
756 1670 790 1698 ut
812 1665 959 1708 religiosi
985 1676 1082 1709 quam
1115 1665 1174 1697 mi-

439 1731 499 1754 nus
530 1720 657 1764 possint
693 1730 708 1752 e
734 1720 829 1752 domo
860 1719 1090 1761 egrediantur,
1114 1729 1174 1751 nee

440 1775 500 1807 nisi
526 1785 543 1807 a
568 1774 733 1817 quindena
758 1773 790 1805 in
809 1772 1004 1816 quindenam
1025 1772 1120 1805 alicui
1138 1772 1175 1805 li-

440 1828 547 1861 eentia
570 1826 777 1870 praebeatur.

485 1892 530 1915 1x.
557 1880 712 1913 Statuitur
737 1885 772 1912 ut
795 1890 853 1923 per
880 1884 980 1913 totum
999 1889 1117 1912 annum
1132 1879 1176 1912 di-

440 1935 612 1978 sciplinam
636 1934 777 1967 habeant
796 1934 873 1966 seria
889 1934 1040 1974 secunda,
1062 1935 1174 1976 quarta

441 1994 473 2022 et
496 1990 601 2028 sexta3
621 1992 832 2030 exceptentur
853 1992 960 2019 tamen
978 1987 1174 2030 praesignati

442 2042 529 2082 dies,
555 2041 582 2074 si
607 2051 679 2073 cum
713 2040 909 2073 solemnibus
947 2040 1174 2074 festivitatibus

442 2099 650 2128 concurrant.
677 2094 842 2127 Menenius
875 2104 1001 2127 necnon
1026 2095 1125 2138 quod,
1149 2095 1174 2127 si

441 2149 559 2191 aliquis
584 2148 757 2190 religiosus
782 2148 889 2180 divino
914 2148 1013 2180 fretus
1039 2148 1174 2188 auxilio,

442 2201 657 2234 austeriorem
682 2201 777 2234 vitam
804 2206 836 2234 et
859 2201 964 2233 carnis
1000 2202 1175 2234 mortifica-

442 2255 565 2287 tionem
589 2255 683 2287 vellet
706 2254 866 2297 amplecti,
894 2265 934 2286 ne
951 2254 1103 2297 propriae
1121 2265 1175 2287 vo-

442 2308 573 2341 luntatis
597 2307 665 2340 fere
692 2307 944 2350 imperceptibili
968 2309 1084 2350 laqueo
1109 2308 1175 2340 ein-

443 2371 521 2403 gens
545 2370 578 2393 se
604 2366 735 2403 pereat,
761 2365 834 2392 ante
860 2360 968 2393 omnia
992 2362 1174 2403 praelatum

442 2414 577 2446 localem
602 2413 758 2451 consulat,
785 2412 918 2456 eiusque
943 2413 1031 2446 nutui
1056 2424 1089 2447 se
1107 2416 1175 2447 sub-

441 2467 554 2505 iaceat,
577 2471 611 2498 ut
635 2466 715 2500 alius
740 2466 848 2508 cingat
872 2477 943 2499 eum
963 2473 995 2499 et
1010 2467 1092 2500 serat
1112 2469 1174 2511 quo

443 2531 507 2553 non
533 2520 669 2552 Satanae
695 2520 753 2552 sed
774 2519 838 2552 Deo
862 2519 1023 2562 proficiat.

486 2584 514 2606 x.
542 2573 696 2606 Statuitur
722 2578 754 2605 ut
780 2583 840 2605 nec
864 2574 1062 2606 reverendus
1083 2578 1176 2617 pater

480 2635 490 2661 1
512 2634 650 2662 Coniunct.
667 2637 694 2661 et
713 2633 836 2661 delemus
854 2634 894 2669 (R.
910 2635 959 2669 T.).

994 235 1173 262 BULLARIUM
1196 233 1350 259 ROMANUM
1369 247 1403 271 ,Q

1198 281 1404 327 provincialis
1423 279 1487 315 ‘fi'ffo
1498 271 1705 314 ”reverendus
1730 280 1825 324 pater
1844 289 1931 313 com-

1198 335 1366 369 missarius
1382 335 1528 368 visitator
1545 329 1669 378 possint
1682 334 1809 366 mittere
1829 334 1932 367 ullum

1200 389 1389 431 religiosum
1417 392 1452 420 ut
1475 387 1509 420 in
1540 386 1734 430 supradictis
1767 386 1934 419 conventi-

1199 442 1258 474 bus
1283 444 1538 481 commorentur,
1561 440 1640 483 quin
1663 440 1755 483 prius
1780 440 1934 473 constite-

1201 494 1244 526 rit
1269 494 1315 527 eis
1334 494 1373 527 de
1389 493 1567 538 exemplari
1590 492 1654 526 vita
1678 497 1710 526 et
1727 493 1840 536 spiritu
1857 503 1935 537 pro-

1201 547 1277 579 bato
1307 545 1454 588 religiosi
1479 546 1791 586 commoraturi,nee
1810 548 1937 590 praela-

1204 604 1255 631 tus
1280 598 1391 632 localis
1416 609 1489 631 eum
1520 604 1772 631 commorantem
1803 599 1938 633 habebi.

1204 652 1266 685 nisi
1277 652 1447 695 supposita
1460 652 1696 695 approbatione
1710 652 1937 695 religiosorum

1205 706 1302 739 etiam
1331 716 1389 749 per
1412 710 1485 738 vota
1512 706 1713 748 singulorum
1737 706 1892 739 exhibita.

1248 767 1290 792 xl.
1318 759 1474 792 Statuitur
1494 764 1529 791 ut
1548 759 1654 792 nullus
1674 759 1847 801 religiosus
1863 770 1940 805 pos-

1207 812 1248 845 sit
1283 812 1359 855 eligi
1390 812 1422 844 in
1451 812 1693 855 praedictorum
1725 817 1940 845 conventuum

1208 864 1431 908 guardianum,
1458 865 1534 908 quin
1555 865 1644 908 prius
1664 865 1942 909 laudabiliterper

1209 919 1290 951 dnos
1314 928 1415 951 annos
1439 918 1611 951 continuos
1642 919 1676 952 in
1700 919 1746 952 eis
1768 919 1864 952 vitam
1888 929 1942 952 eo-

1209 982 1279 1004 rum
1303 981 1505 1004 communem
1531 972 1669 1005 duxerit.

1253 1036 1309 1058 ΧΠ.
1336 1025 1491 1058 Statuitur
1515 1030 1548 1057 nt
1573 1027 1681 1059 nullus
1703 1026 1883 1068 religiosus,
1901 1027 1942 1059 ob

1210 1079 1306 1112 vitam
1331 1079 1511 1122 improbam
1544 1080 1745 1122 poenitentia
1781 1084 1944 1112 correctus

1212 1144 1376 1177 nunquam
1411 1144 1428 1166 a
1463 1133 1690 1176 superioribus
1724 1133 1877 1177 praelatis
1905 1133 1945 1166 ad

1212 1187 1479 1221 commorandum
1503 1188 1536 1220 in
1560 1187 1714 1231 praefatis
1731 1188 1945 1221 conventibus

1212 1241 1369 1273 mittatur.

1256 1304 1326 1327 x111.
1361 1293 1515 1327 Statuitur
1552 1300 1587 1328 ut
1617 1300 1690 1338 post
1721 1294 1892 1338 prandium
1916 1299 1948 1328 et

1214 1357 1350 1379 coenam
1372 1351 1433 1380 tam
1452 1347 1638 1380 benedictio
1659 1359 1753 1391 quam
1771 1348 1946 1390 gratiarum

1215 1400 1297 1432 actio
1322 1400 1517 1440 decantetur,
1539 1401 1618 1433 itaut
1634 1401 1891 1444 postprandium
1908 1400 1947 1433 ad

1216 1453 1386 1486 ecclesiam
1411 1454 1518 1486 cuncti
1541 1453 1685 1496 religiosi
1703 1460 1784 1493 eant,
1804 1459 1899 1497 prout
1915 1454 1948 1486 in

1217 1508 1277 1540 liae
1302 1507 1411 1540 nostra
1435 1507 1601 1550 provincia
1626 1512 1815 1539 consuetum
1836 1510 1891 1544 est,
1913 1517 1949 1538 ac

1218 1561 1369 1604 deinceps
1405 1561 1576 1593 recitantes
1606 1561 1765 1603 psalmum
1800 1560 1950 1592 Miserere

1216 1615 1288 1652 mei,
1303 1618 1371 1655 etc„
1389 1614 1618 1657 regrediantur
1638 1613 1677 1645 ad
1695 1613 1950 1655 abstergendum

1216 1669 1368 1701 scutellas
1392 1667 1424 1699 in
1450 1667 1565 1710 quibus
1590 1667 1878 1699 manducaverunt.

1260 1732 1320 1755 xlv.
1343 1721 1498 1754 Statuitur
1518 1725 1552 1752 ut
1568 1720 1601 1752 in
1618 1719 1755 1762 singulis
1774 1719 1951 1752 sabbatinis

1218 1775 1331 1808 diebus
1364 1783 1475 1807 omnes
1508 1772 1654 1815 religiosi
1691 1778 1764 1815 post
1797 1782 1949 1815 vesperas

1217 1827 1410 1861 conveniunt
1433 1827 1471 1859 ad
1496 1825 1693 1869 scopantium
1708 1829 1902 1857 conventum
1920 1829 1952 1857 et

1218 1881 1408 1920 ecclesiam,
1433 1885 1529 1923 atque
1554 1884 1630 1912 tunc
1654 1879 1693 1911 ad
1714 1877 1951 1921 purificandum

1218 1934 1343 1967 altaria.

1259 1999 1310 2021 xv.
1337 1986 1493 2020 Statuitur
1517 1985 1600 2017 utin
1617 1983 1755 2027 singulis
1774 1983 1951 2016 hebdoma--

1217 2042 1311 2074 dibus
1336 2041 1419 2073 inter
1444 2039 1617 2082 religiosos
1641 2037 1826 2070 conseratur
1850 2042 1882 2070 et
1905 2036 1951 2069 di-

1217 2095 1377 2128 lucidetur
1391 2093 1521 2136 aliquod
1534 2096 1687 2135 punctum
1697 2091 1848 2134 mysticae
1863 2090 1952 2123 theo-

1217 2149 1335 2190 logiae,
1363 2152 1460 2190 prout
1483 2146 1584 2179 moris
1611 2149 1670 2178 est.

1260 2212 1324 2235 xvt.
1351 2200 1505 2234 Statuitur
1537 2209 1577 2231 ne
1612 2197 1771 2240 praedicti
1804 2196 1950 2239 religiosi

1216 2255 1340 2298 possint
1364 2259 1464 2286 terras
1488 2253 1598 2285 colere
1619 2256 1650 2284 et
1668 2251 1699 2283 in
1721 2250 1767 2283 eis
1788 2250 1950 2283 seminare

1217 2307 1277 2340 nisi
1304 2312 1423 2339 tantum
1448 2316 1547 2337 unum
1572 2309 1626 2337 aut
1643 2305 1760 2347 duplex
1781 2304 1950 2346 parvulum

1217 2361 1355 2404 spatium
1380 2360 1413 2391 in
1438 2368 1598 2401 congruae
1617 2356 1862 2390 sustentationis
1880 2356 1951 2388 sub-

1217 2414 1346 2454 sidium,
1373 2419 1404 2446 at
1427 2423 1533 2455 neque
1558 2412 1590 2444 id
1615 2411 1677 2451 fiat,
1703 2411 1764 2443 nisi
1793 2422 1829 2444 ex
1851 2409 1950 2453 gratis

1218 2473 1250 2500 et
1274 2468 1313 2500 ad
1339 2467 1464 2500 titulum
1489 2465 1689 2509 paupertatis
1713 2464 1886 2504 concessis,
1911 2463 1951 2496 si-

1218 2526 1268 2552 cut
1294 2521 1385 2553 decet
1415 2520 1614 2563 paupertatis
1650 2518 1871 2551 sanctissimae
1899 2527 1950 2549 se-

1218 2577 1368 2614 ctatores,
1389 2579 1483 2616 prout
1506 2573 1538 2604 in
1563 2577 1725 2605 conventu
1750 2572 1789 2604 de
1818 2570 1950 2604 canoni-

1217 2631 1393 2660 cosscmclos
1418 2627 1620 2660 observatur.

1922 229 1990 262 An.
2007 229 2034 257 C.
2055 230 2123 258 1093
