2227 3225
130 247 179 274 An.
195 246 223 275 C.
246 247 313 275 1696

198 308 310 333 nei-agano

127 338 288 357 contrarflorum.

168 1313 231 1335 Putea
255 1315 313 1335 tran-

128 1345 266 1367 §inrupturum-

894 246 1104 271 txxocnurtus
1127 246 1172 271 ΧΠ
1195 246 1244 271 Pr.

364 295 379 339 ἓ
403 295 433 329 3.
458 294 529 328 Non
553 293 758 328 obstantibus
788 295 990 338 apostolicis,
1017 306 1053 328 ac

321 348 352 380 in
371 347 605 380 universalibus
626 347 944 391 provincialibusque
962 352 994 380 et
1010 358 1055 391 sy-

320 401 492 434 nodalibus
527 401 674 435 conciliis
707 401 814 442 editis,
848 401 1055 444 geneialibus

319 454 368 486 vel
393 453 597 497 specialibus,
630 453 917 487 constitutionibus
949 459 980 487 et
1004 464 1076 495 or-

320 507 551 549 dinationibus,
589 516 717 541 necnon
748 507 925 551 quibusvis,
959 507 1055 540 etiam
1076 551 1077 554 Ἴ

319 560 510 602 iuramento,
530 561 775 595 confirmatione
794 559 983 605 apostolica,
1006 562 1056 595 vel
1075 555 1077 568 ⁴

320 614 431 657 quavis
455 614 605 648 firmitate
639 615 700 648 alia
725 614 894 656 roboratis,
930 614 1057 648 statutis

320 673 352 700 et
376 668 680 709 consuetudinibus,
707 668 884 712 privilegiis
913 677 1055 712 quoque,

321 934 551 977 praesentibus
575 945 636 978 pro
667 935 766 978 plene
792 940 824 967 et
859 933 1060 967 sufficienter

322 987 482 1031 expressis
514 998 551 1021 ac
583 988 622 1021 de
647 988 747 1021 verbo
773 987 813 1020 ad
838 988 973 1020 verbum
1009 986 1059 1019 in-

320 1040 415 1074 sertis
440 1041 608 1082 babentes,
627 1041 692 1074 illis
709 1041 786 1074 alias
804 1040 837 1073 in
857 1051 914 1074 suo
940 1041 1059 1074 robore

319 1093 552 1136 permansuris,
573 1093 612 1126 ad
629 1093 883 1136 praemissorum
901 1092 1058 1133 ell'cctum,

323 1145 387 1179 hac
412 1146 481 1179 vice
513 1146 688 1186 dumtaxat,
723 1146 909 1190 specialiter
943 1152 975 1180 et
1010 1157 1061 1179 ex-

322 1208 434 1242 presse
452 1199 664 1242 derogamus,
687 1200 871 1244 ceterisque
889 1200 1060 1233 contrariis

323 1251 594 1295 quibuscumque.

366 1304 381 1348 ἓ
404 1305 436 1338 4.
464 1305 620 1338 Volumus
644 1311 752 1339 autem
778 1311 814 1338 ut
837 1305 1061 1349 praesentium

322 1358 507 1392 litterarum
544 1358 764 1402 transumptis,
799 1369 856 1392 seu
893 1359 1060 1402 exemplis,

323 1411 420 1444 etlam
444 1412 626 1455 impressis,
651 1422 751 1444 manu
783 1412 919 1444 alicuius
943 1411 1060 1444 notarii

320 1463 444 1507 publici
465 1464 672 1508 subscriptis,
702 1469 733 1497 et
765 1464 874 1506 sigillo
898 1474 1060 1508 personae

320 1516 354 1549 in
370 1517 592 1550 ecclesiastiea
609 1517 766 1560 dignitate
782 1517 978 1551 constitutae
997 1528 1061 1549 mu-

320 1569 409 1610 nitis,
434 1570 547 1603 eadem
577 1581 716 1614 prorsus
741 1571 822 1604 fides
857 1571 978 1614 ubique
1015 1572 1062 1603 lo-

321 1633 434 1656 corum
459 1629 522 1656 tam
547 1623 581 1655 in
605 1623 726 1656 iudicio
748 1634 843 1667 quam
861 1629 952 1656 extra
981 1623 1060 1656 illud

320 1675 489 1716 habeatur,
520 1686 603 1719 quae
638 1677 818 1709 baberetur
852 1676 935 1720 ipsis
968 1686 1062 1720 prae-

322 1728 472 1762 sentibus
498 1729 525 1762 si
543 1729 653 1762 forent
682 1729 850 1762 exhibitae
875 1730 926 1762 vel
952 1735 1062 1762 osten-

322 1792 391 1815 sae.

365 1834 481 1868 Datum
508 1835 649 1875 Romae,
674 1835 759 1878 apud
784 1835 814 1868 S.
843 1835 972 1867 Mariam
998 1835 1060 1868 Ma-

322 1887 439 1930 iorem,
467 1889 528 1921 sub
553 1889 671 1921 annulo
696 1888 884 1928 piscatoris,
907 1888 958 1920 die
983 1899 1061 1922 xxm

321 1942 464 1976 octobris
481 1952 630 1983 nocxcw,
649 1941 857 1986 pontificatus
878 1941 981 1975 nostri
1008 1952 1062 1974 an-

322 2006 365 2030 no
389 2006 433 2030 v1.

357 2057 415 2086 Dat.
434 2058 478 2086 die
492 2059 526 2087 ‘23
542 2058 662 2086 octobris
682 2058 759 2092 1696,
777 2058 874 2094 pontif.
895 2066 966 2085 anno
987 2064 1023 2084 vr.

642 2220 741 2254 CXLI.

322 2308 534 2349 Prohibetur,
561 2319 602 2342 ne
625 2310 701 2352 quis
726 2309 897 2352 imprimat
922 2308 970 2340 rel
990 2318 1060 2340 vrn-

366 2362 516 2404 dat‚sine
539 2362 694 2405 facultate
718 2362 864 2394 ministri
888 2361 1058 2404 yencrali'g

369 2416 568 2450 breviarium
585 2416 720 2450 Ordinis
737 2415 771 2448 M
774 2416 901 2448 inarum
913 2415 945 2448 S.
958 2415 1061 2447 Fran-

367 2470 443 2503 cisci
459 2470 497 2503 de
518 2470 729 2504 Obseruauit}
744 2468 762 2501 ¹.

361 2549 374 2575 1
402 2547 492 2575 Const.
521 2549 563 2576 ed.
593 2555 739 2582 nocxevnt,
767 2548 810 2576 die
837 2550 867 2575 10
892 2547 1059 2580 novembris,

324 2592 420 2629 pontif.
441 2599 496 2626 vul,
517 2595 604 2629 agitur
623 2594 655 2620 de
677 2604 724 2620 usu
746 2594 878 2621 librorum
899 2593 980 2620 divini
1003 2593 1060 2620 osli<
1081 2600 1083 2608 ⁴

326 2638 359 2664 cii
379 2637 478 2666 Romae
498 2639 698 2673 impressorum.

1735 235 1793 270 771

1282 294 1475 322 Innocentius
1495 294 1574 328 Papa
1594 294 1658 327 XII,

1220 341 1256 366 ad
1276 342 1451 373 perpetuam
1471 338 1515 366 rei
1536 339 1717 365 memoriam

1844 244 1891 271 An.
1909 244 1937 271 C.

1962 244 2027 269 tssoo

1141 401 1204 445 gl.
1225 401 1312 442 Cum,
1326 401 1559 434 sicutdilectus
1574 399 1658 433 tilius
1673 400 1835 433 Bonav-en
1873 412 1953 432 ema
1981 417 2029 438 pro-

1810 453 1815 458 .
1846 439 1920 459 bilitio
1922 445 1961 460 nis.

1098 460 1168 488 tma
1186 454 1319 488 Poerius
1345 454 1493 488 minister
1517 463 1619 496 genei
1623 452 1680 486 alis
1706 452 1833 485 Ordinis

1099 507 1232 540 statium
1250 507 1408 540 Minorum
1425 506 1525 540 sancti
1541 505 1700 538 Francisci
1720 505 1757 537 de
1775 505 1836 537 Ob-

1098 561 1258 595 servantia
1296 565 1555 604 nuncupatorum
1595 559 1691 592 nobis
1730 568 1838 601 nuper

1099 615 1218 658 exponi
1245 614 1326 654 fecit,
1349 612 1437 657 ipse¹
1456 612 1649 646 breviarium
1667 621 1838 644 romanum

1076 661 1077 686 l
1098 667 1304 710 seraphicum
1335 672 1557 709 nuncupatum
1584 665 1620 698 ad
1642 675 1738 697 usum
1763 674 1836 707 per-

320 720 455 754 indultis
481 727 513 755 et
535 721 654 755 litteris
679 721 867 766 apostolicis
885 721 917 754 in
935 727 1059 754 contra·
1076 721 1078 725 '

320 773 404 806 rium
428 774 682 818 praemissorum
707 774 953 818 quomodolibet
983 771 1078 807 con-¹

320 827 431 868 cessis,
458 827 657 862 confirmatis
681 833 714 861 et
733 828 912 868 innovatis;
940 826 1078 871 quibus³

321 880 476 913 omnibus
513 886 545 914 et
576 880 724 924 singulis,
761 880 893 914 illorum
929 885 1079 925 tenores,

1099 731 1254 755 sonarum
1280 721 1447 763 utriusque
1473 730 1568 752 sexus
1593 719 1661 752 eius
1687 718 1839 752 obedien-

1101 774 1162 806 tiae
1187 783 1244 806 seu
1270 772 1442 806 directioni
1468 772 1695 812 subiectarum,
1716 782 1734 803 a
1759 770 1839 804 Con-

1099 826 1289 869 gregatione
1306 824 1542 858 venerabilium
1563 825 1698 858 fratrum
1718 828 1838 857 nostro-

1101 890 1171 912 rum
1195 879 1226 913 S.
1247 879 1284 912 R.
1305 879 1339 911 E.
1368 878 1580 911 cardinalium
1598 877 1698 911 sacris
1722 877 1838 910 ritibus

1101 932 1284 976 praeposita
1319 932 1547 975 approbatum,
1573 930 1604 963 in
1638 931 1722 964 alma
1752 929 1839 963 Urbe

1101 987 1219 1026 nostra,
1233 986 1270 1018 ea
1295 995 1357 1028 qua
1382 984 1474 1017 decet
1498 983 1672 1017 sedulitate
1698 989 1729 1016 et
1745 983 1839 1016 casti-

1101 1038 1243 1081 gatione,
1258 1037 1340 1080 typis
1356 1036 1497 1080 imprimi
1516 1037 1693 1070 novissime
1715 1036 1836 1076 fecerit,

1102 1102 1138 1124 ac
1170 1090 1307 1134 proinde
1343 1089 1421 1123 illud
1456 1089 1664 1133 propediem,
1702 1089 1839 1122 benedi-

1102 1150 1195 1177 cente
1220 1143 1377 1184 Domino‚
1406 1153 1502 1186 quam
1538 1143 1838 1176 emendatissimum

1103 1197 1135 1229 in
1160 1198 1266 1230 lucem
1291 1196 1496 1240 proditurum
1532 1195 1596 1236 sit;
1624 1195 1727 1228 dictus
1763 1205 1839 1228 vero

1103 1251 1325 1283 Bonaventura
1342 1249 1490 1282 minister
1506 1249 1669 1292 generalis
1682 1253 1838 1287 vereatur,

1103 1313 1143 1336 ne
1169 1313 1249 1346 opus
1275 1303 1372 1345 longo
1397 1302 1508 1335 labore
1534 1303 1715 1344 magnaque
1748 1301 1839 1334 indu-

1103 1355 1180 1388 stria
1205 1355 1399 1398 dispositum
1424 1360 1518 1398 atque
1541 1354 1720 1397 perfectum
1747 1364 1841 1387 nova-

1103 1419 1174 1441 rum
1214 1408 1394 1441 editionum
1427 1407 1598 1440 occasione
1631 1412 1742 1450 optato
1777 1406 1840 1439 tine

1103 1463 1290 1502 frustretur,
1313 1461 1555 1504 mendosaeque
1577 1465 1631 1493 aut
1648 1460 1841 1503 illegitimae

1103 1514 1287 1555 varietates,
1302 1514 1366 1547 sive
1385 1513 1664 1557 typographorum
1676 1513 1839 1555 negligen-

1104 1567 1155 1607 tia,
1182 1567 1246 1599 sive
1272 1567 1451 1600 revisorum
1477 1566 1611 1605 incuria,
1637 1565 1704 1598 sive
1726 1566 1785 1598 alia
1804 1576 1841 1598 ex

1103 1622 1208 1661 causa,
1224 1621 1255 1653 in
1274 1625 1440 1664 posterum
1460 1620 1639 1663 obrepant:
1659 1619 1753 1652 nobis
1771 1629 1843 1662 pro—

1103 1679 1215 1717 pterea
1240 1673 1406 1707 humiliter
1431 1673 1606 1717 supplicari
1643 1672 1716 1705 fecit
1749 1678 1783 1705 ut
1809 1673 1842 1705 in

1102 1726 1292 1771 praemissis
1318 1731 1504 1769 opportune
1534 1726 1703 1769 providere
1741 1731 1772 1758 et
1806 1730 1842 1757 ut

1103 1780 1187 1812 infra
1212 1779 1384 1822 indulgere
1410 1779 1449 1812 de
1474 1778 1677 1821 benignitate
1713 1784 1841 1821 aposto-

1103 1832 1165 1865 lica
1190 1831 1409 1875 dignar.emur

1147 1885 1161 1928 g
1193 1884 1225 1916 ⁶2.
1256 1883 1320 1917 Nos
1354 1884 1476 1927 igitur,
1504 1883 1608 1927 ipsum
1641 1884 1842 1916 Boura-enm
1919 1894 2037 1914 tumim.»

1104 1948 1172 1970 ram
1205 1937 1390 1970 ministrum
1422 1938 1609 1979 generalem
1643 1921 2036 2002 ‘1³⁴³OE¹¹¹¹³¹¹Stfi50213¹121¹1¹,¹22

1105 1990 1268 2023 favoribus
1299 1995 1330 2022 et
1355 1990 1466 2032 g1atiis
1496 1989 1654 2033 prosequi
1679 1991 1858 2025 volentes

1103 2048 1135 2076 et
1159 2054 1176 2076 a
1201 2042 1369 2086 quibusvis
1393 2042 1748 2083 excommunicationis,
1771 2053 1842 2075 sus-

1103 2096 1271 2140 pensionis
1300 2101 1332 2129 et
1359 2095 1550 2136 interdicti,
1575 2095 1713 2139 aliisque
1740 2097 1844 2129 ecclc-

1104 2149 1243 2183 siasticis
1284 2149 1479 2190 sententiis,
1514 2149 1660 2182 censuris
1695 2154 1726 2182 et
1757 2160 1839 2193 poe-

1103 2203 1166 2243 nis,
1197 2214 1214 2235 a
1245 2203 1313 2235 iure
1337 2203 1387 2236 vel
1413 2203 1454 2235 ab
1480 2202 1623 2243 homine,
1644 2202 1755 2246 quavis
1791 2214 1843 2236 oc-

1103 2256 1232 2289 casione
1264 2257 1313 2289 vel
1339 2257 1434 2288 causa
1458 2255 1543 2296 latis,
1568 2256 1594 2288 si
1620 2256 1738 2299 quibus
1763 2267 1843 2299 quo-

1103 2309 1286 2342 modolibet
1307 2309 1481 2342 innodatus
1500 2308 1616 2349 existit,
1636 2309 1674 2341 ad
1696 2309 1842 2341 effectum

1102 2361 1323 2405 praesentium
1361 2361 1525 2394 dumtaxat
1561 2362 1839 2405 consequendum,

1103 2416 1220 2448 harum
1244 2415 1330 2448 serie
1356 2415 1564 2448 absolventes
1594 2421 1626 2448 et
1657 2415 1840 2448 absolutum

1105 2469 1170 2501 sore
1188 2474 1372 2509 censentes,
1391 2468 1579 2501 huiusmodi
1599 2467 1843 2511 supplicationi·

1104 2522 1162 2554 bus
1188 2521 1344 2560 inclinati,
1368 2521 1527 2554 universis
1552 2521 1721 2563 utriusque
1746 2530 1841 2552 sexus

1105 2573 1381 2612 clu-istitidelibus‚
1417 2573 1607 2616 praesertim
1642 2583 1718 2604 vcro
1750 2577 1841 2615 typo-

1141 2637 1150 2662 1
1176 2635 1243 2661 Edit.
1268 2635 1345 2662 nan.
1369 2635 1432 2670 tegit
1454 2635 1510 2669 ipsi
1530 2635 1627 2669 mr).
