2254 3225
226 240 274 267 An.
292 237 320 266 c.
343 237 405 264 1091
456 227 519 261 ⁶202

259 1665 334 1685 Preces
344 1666 364 1683 et
374 1664 414 1684 <ut-

330 1692 357 1710 ΑΙ-
367 1697 414 1711 xan-

233 1719 268 1736 tlru
284 1717 326 1737 illl
343 1718 413 1737 obtata

233 1744 288 1763 surse
305 1749 340 1769 pro
353 1750 414 1763 cunu-

233 1773 345 1790 nuatione.

233 1691 296 1714 fragia

417 286 493 319 dere
518 290 552 317 ut
577 295 610 318 se
632 284 757 327 erigere
783 285 894 316 volens
929 292 999 315 cum
1032 281 1152 322 impetu

416 338 612 381 procideret,
628 338 740 370 ductus
758 349 775 369 a
792 342 892 368 matre
911 336 949 368 ad
968 335 1151 376 sepulcrum

417 390 506 424 Beati
528 396 561 422 ut
586 389 832 422 novendialibus
853 388 1002 431 precibus
1031 386 1153 417 incum-

416 443 521 481 beret,
537 443 614 475 illuc
631 442 803 484 ingressus,
818 441 857 472 ab
876 438 1058 481 ingentibus
1073 445 1152 478 quos

417 497 603 540 patiebatur
628 494 796 528 doloribus
821 499 853 526 et
876 493 914 525 ab
933 489 1151 523 incurvatione

418 559 514 581 sanus
539 548 646 587 evasit,
673 545 881 579 consolidatis
905 543 1059 576 nimirum
1084 550 1152 572 ver-

419 601 517 633 tebris
542 600 709 642 disruptis,
737 598 948 639 cruribusque
974 595 1020 627 sic
1045 603 1153 626 corro-

417 653 561 693 boratis,
602 658 636 684 ut
671 653 801 684 domuin
837 655 1013 681 maternam
1052 645 1151 678 veloci

419 717 530 749 gressu
553 706 694 743 redierit,
711 702 986 736 substentaculum
1004 699 1036 731 in
1053 700 1151 731 altum

420 769 546 802 gerens,
579 770 616 790 ac
641 758 766 790 demum
793 755 889 787 etiarn
914 764 931 785 a
956 752 1152 794 gibbositate

420 812 589 851 convaluit,
616 816 785 853 postquam
822 808 928 840 denno
954 817 971 838 a
994 811 1096 837 matre
1122 804 1163 838 im

420 865 576 907 capellam
605 863 693 895 Beati
730 862 844 893 ductus
876 858 1088 901 Evangeliun]
1120 858 1152 890 in

420 918 483 950 sine
508 918 623 949 missae
649 917 766 948 lectum
791 913 920 951 audivit,
942 917 1153 954 permanente

420 975 528 1002 tamen
553 980 623 1002 osse
648 969 781 1004 elevato,
798 966 855 997 nbi
878 964 967 1008 prius
993 969 1061 997 erat
1085 964 1154 1005 gib-

420 1022 532 1055 bosus:
565 1025 763 1063 quapropter
788 1019 901 1051 eadem
926 1016 1152 1059 Congregafio,

421 1075 530 1107 audito
555 1074 641 1116 prius
666 1072 697 1104 in
719 1082 794 1103 voce
820 1076 852 1103 et
875 1071 908 1102 in
933 1069 1060 1113 scriptis
1080 1070 1153 1101 fidei

421 1132 616 1170 promotore,
651 1131 682 1157 et
706 1124 868 1156 accersitis
893 1123 1000 1155 denuo
1025 1123 1154 1155 consul-

422 1179 551 1217 toribus,
571 1177 729 1211 communi
755 1177 898 1209 omnium
924 1181 997 1208 voto
1023 1174 1154 1214 censuit,

421 1233 568 1266 eumdem
593 1231 789 1263 Clementem
815 1230 840 1262 X
861 1229 1155 1272 praedecessorem,

421 1285 691 1328 quandocumque
717 1282 775 1314 sibi
802 1282 903 1314 visum
922 1281 1043 1320 suisset,
1061 1291 1155 1324 posse

421 1338 459 1370 ad
484 1339 663 1370 solemnem
691 1336 835 1368 eiusdem
859 1335 946 1368 beati
964 1334 1092 1367 Ioannis
1117 1335 1155 1367 de

421 1391 452 1424 S.
468 1391 618 1423 Facundo
633 1389 911 1422 canonizationem
926 1388 1013 1420 iuxta
1027 1388 1058 1421 S.
1074 1388 1110 1420 R.
1123 1388 1155 1420 E.

421 1444 517 1476 ritum
553 1449 583 1475 et
625 1453 787 1475 sacrorum
827 1452 988 1474 canonum
1030 1442 1157 1474 decreta

421 1508 491 1529 cum
518 1497 582 1529 Deo
601 1500 789 1537 regnantem
806 1493 953 1533 definire,
973 1499 1068 1536 atque
1086 1494 1157 1525 uni-

421 1549 534 1583 versali
560 1549 721 1581 Ecclesiae
754 1547 926 1581 colendum
952 1553 982 1580 et
1006 1557 1158 1580 veneran-

424 1604 497 1636 dum
523 1612 706 1645 proponere

469 1656 483 1698 ἓ
507 1654 559 1688 18.
587 1655 724 1693 Verum,
749 1653 987 1696 praedefunctis
1026 1652 1158 1685 interim

426 1709 538 1741 eodem
556 1708 719 1740 Clemente
739 1707 760 1739 X
783 1717 820 1739 ac
845 1706 960 1739 similis
984 1706 1158 1738 memoriae

425 1761 613 1794 Innocentio
638 1761 723 1803 Papa
746 1760 782 1792 >11
809 1760 905 1792 etiam
930 1760 1159 1802 praedecesso-

426 1815 514 1847 ribus
538 1815 668 1854 nostris,
695 1814 833 1846 solemni
859 1814 964 1845 adbuc
989 1813 1159 1845 canoniza-

425 1868 514 1899 tione
537 1877 599 1899 non
618 1868 753 1909 expleta,
774 1876 844 1898 cum
862 1865 941 1897 aliae
961 1875 1073 1907 preces
1092 1876 1158 1897 me-

425 1924 549 1952 morato
576 1919 756 1951 Alexandro
787 1917 1030 1960 praedecessori
1063 1927 1079 1949 a
1109 1928 1160 1949 ca·

425 1973 553 2004 rissimo
579 1973 610 2004 in
636 1972 764 2005 Christo
789 1971 856 2004 filio
877 1975 989 2003 nostro
1006 1969 1118 2003 Carolo
1136 1970 1158 2002 ll

426 2025 653 2067 Hispaniarum
683 2035 759 2066 rege
789 2024 962 2063 catholico,
989 2033 1114 2056 necnon
1144 2034 1161 2055 a

426 2078 571 2120 pluribus
597 2077 837 2110 venerabilibus
862 2076 1014 2108 fratribus
1031 2076 1159 2114 nostris,

427 2135 504 2162 tnnc
529 2130 605 2169 suis,
621 2130 687 2162 eius
709 2129 847 2162 nationis
870 2129 1043 2171 episcopis,
1063 2139 1099 2160 ac
1117 2129 1161 2161 di-

426 2182 516 2215 lectis
535 2183 605 2214 t'liis
624 2183 777 2214 universo
794 2182 824 2214 S.
845 2181 1013 2224 Augustini
1031 2180 1160 2219 Ordine,

427 2245 462 2266 ac
480 2235 628 2277 pluribus
654 2235 798 2267 eiusdem
823 2234 963 2267 nationis
981 2234 1161 2266 civitatibus

428 2287 563 2319 fuissent
587 2287 751 2320 humiliter
776 2292 953 2330 porrectae,
971 2297 1006 2318 ac
1023 2286 1161 2318 subinde

427 2340 621 2371 venerabilis
648 2341 744 2371 l'rater
769 2345 889 2378 noster,
904 2345 978 2371 tunc
992 2350 1075 2379 suus,
1093 2339 1162 2371 Fla-

429 2392 495 2423 vins
520 2391 691 2434 episcopus
719 2393 903 2424 Portuensis
929 2392 961 2424 S.
981 2392 1017 2424 R.
1038 2392 1071 2424 E.
1096 2402 1163 2424 car-

430 2444 545 2476 dinalis
561 2444 687 2476 Cliisius
714 2451 926 2487 nuncupatus,
945 2444 1012 2476 vice
1030 2454 1163 2476 venera-

428 2496 503 2528 bilis
539 2497 644 2528 Fratris
680 2497 791 2535 nostri,
818 2503 892 2529 tunc
916 2497 977 2536 sui,
1005 2496 1159 2529 Alderani

431 2549 573 2590 episcopi
595 2548 749 2581 Ostiensis
783 2550 927 2582 eiusdem
946 2549 977 2582 S.
995 2549 1075 2582 RE.
1095 2560 1161 2581 car-

431 2601 545 2634 dinalis
577 2601 662 2645 Cybo
695 2603 869 2646 nuncupati
901 2602 1063 2646 praefatae
1088 2601 1163 2635 Con-

997 232 1130 258 BULLARI
1137 231 1175 254 [llll
1201 228 1354 254 ROMANUM

1195 275 1393 319 gregationis
1407 274 1560 318 praefecti
1574 274 1687 307 morbo
1704 279 1780 307 tune
1794 273 1930 314 detenti,

1195 330 1225 361 in
1247 327 1443 361 consistorio
1468 326 1568 370 ipsius
1595 327 1767 360 Alexandri
1796 326 1931 370 praede-

1194 381 1333 414 cessoris
1370 385 1494 413 secreto
1534 391 1694 413 summam
1733 389 1904 423 processus
1919 405 1927 420 ,

1194 443 1349 476 suamque
1374 437 1406 465 et
1430 432 1566 465 aliorum
1584 433 1781 475 collegarum
1798 441 1930 464 suorum

1195 486 1299 518 dictae
1317 485 1348 518 S.
1367 485 1450 518 RE.
1470 485 1683 518 cardinalium
1702 485 1800 517 sacris
1816 484 1931 517 ritibus

1194 538 1453 581 praepositorum
1490 538 1685 570 sententiam
1719 537 1930 580 exposuisset,

1194 591 1375 633 ceterisque
1404 591 1435 623 in
1469 601 1582 624 eorum
1610 590 1807 623 consistorio
1839 600 1932 633 prae·

1195 651 1302 676 sentes
1334 642 1517 676 cardinales
1549 643 1577 676 ei
1610 643 1754 675 unanimi
1779 642 1931 685 suffragio

1195 695 1434 736 adhaesissent;
1461 700 1491 728 et
1516 700 1629 739 postea
1653 695 1687 728 in
1712 695 1776 728 alio
1801 695 1932 738 publico

1196 748 1399 788 consistorio,
1411 754 1625 792 quo,praeter
1640 748 1822 781 cardinales
1840 758 1933 791 prae-

1197 802 1290 842 l‘atOS,
1315 801 1410 834 etiam
1435 801 1611 845 supradicti
1643 801 1857 844 patriarchae,
1885 811 1933 834 ar-

1196 854 1397 898 chiepiscopi
1423 860 1456 887 et
1480 855 1626 897 episcopi
1644 855 1675 887 in
1693 854 1777 887 Urbe
1796 864 1934 887 commo·

1197 913 1315 947 rantes,
1347 912 1379 939 et
1410 907 1519 940 dilecti
1552 906 1608 939 filii
1634 908 1795 940 Romanae
1819 906 1932 939 Curiae

1196 961 1347 1004 praelati,
1366 961 1529 1003 ipsiusque
1547 960 1721 993 Alexandri
1743 960 1934 1003 praedeces-

1197 1014 1280 1046 soris
1316 1013 1489 1046 familiares
1525 1018 1762 1051 convenerant,
1799 1012 1934 1045 dilectus

1198 1066 1293 1098 etiam
1308 1065 1392 1098 filius
1406 1066 1541 1098 Ioannes
1556 1065 1740 1097 Franciscus
1754 1065 1935 1106 Fagnanus,

1198 1125 1337 1158 nostrae,
1366 1123 1441 1150 tunc
1466 1127 1555 1157 suae,
1583 1116 1818 1149 consistorialis
1843 1117 1935 1150 aulae

1198 1172 1380 1210 advocatus,
1397 1171 1435 1203 de
1453 1170 1524 1208 vita,
1536 1169 1705 1202 virtutibus
1726 1174 1758 1202 et
1773 1170 1935 1203 miraculis

1198 1224 1273 1257 dicti
1298 1223 1383 1256 beati
1409 1223 1535 1256 Ioannis
1567 1222 1606 1255 de
1639 1222 1670 1255 S.
1704 1221 1856 1255 Facundo
1890 1222 1936 1255 di-

1199 1277 1309 1314 xisset,
1327 1288 1363 1310 ac
1389 1276 1520 1309 nomine
1549 1274 1657 1317 regis,
1689 1275 1934 1318 episcoporum,

1198 1331 1362 1364 civitatum
1381 1334 1412 1362 et
1427 1328 1557 1362 Ordinis
1575 1328 1796 1371 praefatorum
1817 1328 1937 1372 suppli-

1199 1395 1251 1417 ces
1276 1381 1527 1426 deprecationes
1545 1391 1604 1423 pro
1631 1381 1777 1413 eiusdem
1803 1381 1938 1414 canoni-

1198 1437 1322 1470 zatione
1341 1434 1528 1468 detulisset:
1549 1433 1635 1466 idem
1653 1433 1835 1466 Alexander
1849 1443 1937 1476 prae.

1199 1492 1351 1523 decessor
1375 1486 1533 1521 eiusmodi
1560 1485 1810 1529 deprecationes
1835 1486 1939 1518 liben-

1200 1550 1248 1575 ter
1273 1540 1409 1584 excepit,
1431 1540 1547 1582 quibus
1565 1539 1756 1572 Sanctorum
1781 1539 1856 1572 albo
1883 1538 1940 1572 ad-

1200 1594 1391 1628 scribendus
1425 1592 1487 1625 sibi
1520 1592 1765 1634 proponebatur
1799 1591 1939 1634 impiger

1200 1647 1447 1682 contentionum
1472 1645 1617 1684 sedator,
1642 1651 1688 1684 ut,
1715 1645 1938 1678 aestuantibus

1201 1701 1346 1744 undique
1383 1699 1502 1732 saeculi
1537 1698 1635 1730 huius
1669 1702 1716 1731 tot
1740 1697 1939 1740 privatarum

1201 1755 1401 1787 simultatum
1418 1758 1449 1785 et
1474 1750 1682 1784 efferatorum
1699 1751 1863 1783 bellorum
1881 1751 1940 1783 ssu-

1201 1807 1305 1839 etibus
1326 1811 1422 1848 atque
1448 1803 1603 1847 procellis
1619 1829 1626 1842 ,
1657 1803 1695 1835 ad
1722 1802 1791 1835 eius
1817 1802 1940 1846 praesi-

1202 1862 1289 1893 dinm
1306 1858 1453 1892 conversi
1475 1857 1601 1897 fideles,
1622 1866 1735 1900 pacem
1754 1861 1787 1889 et
1807 1867 1940 1890 concor-

1202 1913 1286 1946 diam
1312 1915 1534 1955 exposcentes,
1554 1909 1678 1941 sirmam
1695 1909 1941 1951 tranquillitatis

1202 1965 1386 2003 stationem,
1412 1969 1478 1995 tum
1503 1962 1535 1995 in
1562 1962 1611 1995 via
1636 1961 1730 1994 buius
1756 1961 1848 2001 vitae,
1873 1967 1941 1995 tum

1203 2020 1234 2052 in
1261 2017 1391 2051 caelesti
1424 2016 1631 2049 Hierusalem
1656 2025 1738 2058 quae
1764 2020 1812 2047 est
1845 2015 1942 2048 beata

1203 2071 1291 2115 pacis
1308 2071 1398 2109 visio,
1417 2068 1604 2102 felicissime
1622 2073 1915 2111 consequerentur.

1246 2123 1338 2167 git).
1372 2123 1553 2164 Antequam
1589 2126 1697 2153 tamen
1733 2121 1772 2153 ad
1804 2120 1850 2153 rei
1877 2126 1940 2154 tam

1203 2177 1306 2219 gravis
1341 2174 1612 2208 deliberationem
1638 2174 1843 2216 procederet,
1869 2184 1941 2206 ora-

1204 2230 1354 2268 tionibus,
1369 2228 1508 2267 ieiuniis,
1535 2227 1671 2269 aliisque
1698 2226 1759 2269 piis
1785 2227 1941 2269 operibus

1204 2283 1334 2327 publice
1371 2281 1513 2319 indictis,
1552 2284 1584 2312 et
1619 2281 1774 2312 concessa
1809 2279 1847 2311 ad
1879 2279 1943 2312 hoc

1203 2336 1352 2369 fidelibus
1378 2333 1592 2375 indulgentia,
1615 2332 1743 2364 divinae
1768 2332 1943 2365 voluntatis

1204 2388 1458 2432 beneplacitum,
1486 2387 1554 2419 sine
1579 2386 1711 2429 praevia
1736 2385 1826 2418 cuius
1854 2386 1944 2419 intel·

1204 2442 1339 2485 ligentia
1364 2441 1490 2473 infirma
1515 2439 1631 2472 suisset
1666 2438 1831 2481 quaelibet
1863 2438 1944 2472 deli-

1203 2495 1340 2533 beratio,
1361 2494 1531 2536 explorare
1557 2491 1684 2534 sategit.
1706 2492 1749 2524 Ac
1767 2491 1805 2524 ad
1832 2501 1943 2524 omnes

1205 2546 1435 2580 accuratissimi
1461 2545 1578 2578 iudicis
1608 2550 1716 2588 partes
1749 2544 1940 2587 explendas,

1205 2600 1375 2644 exquisivit
1388 2599 1527 2642 primum
1540 2596 1716 2630 sententias
1726 2596 1942 2640 praefatorum

1937 225 1990 252 An.
2005 225 2033 252 C.
2056 224 2119 252 ¹091

1976 2126 2013 2147 Pia
2026 2132 2091 2152 opera
2105 2127 2136 2148 in-

1951 2153 2007 2173 dicta
2032 2154 2089 2173 suere
2113 2155 2135 2173 at.

1951 2179 2137 2204 indulgentias-,un-

1951 2211 2017 2226 ces-a.
